%YAML 1.1
%TAG !u! tag:unity3d.com,2011:
--- !u!1 &99094740702692211
GameObject:
  m_ObjectHideFlags: 0
  m_CorrespondingSourceObject: {fileID: 0}
  m_PrefabInstance: {fileID: 0}
  m_PrefabAsset: {fileID: 0}
  serializedVersion: 6
  m_Component:
  - component: {fileID: 4643311465987919501}
  - component: {fileID: 5667068135002456269}
  m_Layer: 0
  m_Name: Front
  m_TagString: Untagged
  m_Icon: {fileID: 0}
  m_NavMeshLayer: 0
  m_StaticEditorFlags: 0
  m_IsActive: 0
--- !u!4 &4643311465987919501
Transform:
  m_ObjectHideFlags: 0
  m_CorrespondingSourceObject: {fileID: 0}
  m_PrefabInstance: {fileID: 0}
  m_PrefabAsset: {fileID: 0}
  m_GameObject: {fileID: 99094740702692211}
  m_LocalRotation: {x: 0, y: 0, z: 0, w: 1}
  m_LocalPosition: {x: 0, y: 0, z: 0}
  m_LocalScale: {x: 1, y: 1, z: 1}
  m_Children: []
  m_Father: {fileID: 7820458990909441810}
  m_RootOrder: 3
  m_LocalEulerAnglesHint: {x: 0, y: 0, z: 0}
--- !u!65 &5667068135002456269
BoxCollider:
  m_ObjectHideFlags: 0
  m_CorrespondingSourceObject: {fileID: 0}
  m_PrefabInstance: {fileID: 0}
  m_PrefabAsset: {fileID: 0}
  m_GameObject: {fileID: 99094740702692211}
  m_Material: {fileID: 0}
  m_IsTrigger: 0
  m_Enabled: 1
  serializedVersion: 2
  m_Size: {x: 0.7, y: 0.02, z: 0.4}
  m_Center: {x: 0, y: -0.3, z: 0.25}
--- !u!1 &606800553246672591
GameObject:
  m_ObjectHideFlags: 0
  m_CorrespondingSourceObject: {fileID: 0}
  m_PrefabInstance: {fileID: 0}
  m_PrefabAsset: {fileID: 0}
  serializedVersion: 6
  m_Component:
  - component: {fileID: 2532358266024443748}
  - component: {fileID: 6673150591972220793}
  m_Layer: 0
  m_Name: Back
  m_TagString: Untagged
  m_Icon: {fileID: 0}
  m_NavMeshLayer: 0
  m_StaticEditorFlags: 0
  m_IsActive: 0
--- !u!4 &2532358266024443748
Transform:
  m_ObjectHideFlags: 0
  m_CorrespondingSourceObject: {fileID: 0}
  m_PrefabInstance: {fileID: 0}
  m_PrefabAsset: {fileID: 0}
  m_GameObject: {fileID: 606800553246672591}
  m_LocalRotation: {x: 0, y: 0, z: 0, w: 1}
  m_LocalPosition: {x: 0, y: 0, z: 0}
  m_LocalScale: {x: 1, y: 1, z: 1}
  m_Children: []
  m_Father: {fileID: 7820458990909441810}
  m_RootOrder: 2
  m_LocalEulerAnglesHint: {x: 0, y: 0, z: 0}
--- !u!65 &6673150591972220793
BoxCollider:
  m_ObjectHideFlags: 0
  m_CorrespondingSourceObject: {fileID: 0}
  m_PrefabInstance: {fileID: 0}
  m_PrefabAsset: {fileID: 0}
  m_GameObject: {fileID: 606800553246672591}
  m_Material: {fileID: 0}
  m_IsTrigger: 0
  m_Enabled: 1
  serializedVersion: 2
  m_Size: {x: 0.7, y: 0.02, z: 0.4}
  m_Center: {x: 0, y: 0.3, z: 0.25}
--- !u!1 &3188925394873113312
GameObject:
  m_ObjectHideFlags: 0
  m_CorrespondingSourceObject: {fileID: 0}
  m_PrefabInstance: {fileID: 0}
  m_PrefabAsset: {fileID: 0}
  serializedVersion: 6
  m_Component:
  - component: {fileID: 78966174445603834}
  - component: {fileID: 2255086596689531164}
  m_Layer: 0
  m_Name: Left
  m_TagString: Untagged
  m_Icon: {fileID: 0}
  m_NavMeshLayer: 0
  m_StaticEditorFlags: 0
  m_IsActive: 1
--- !u!4 &78966174445603834
Transform:
  m_ObjectHideFlags: 0
  m_CorrespondingSourceObject: {fileID: 0}
  m_PrefabInstance: {fileID: 0}
  m_PrefabAsset: {fileID: 0}
  m_GameObject: {fileID: 3188925394873113312}
  m_LocalRotation: {x: 0, y: 0, z: 0, w: 1}
  m_LocalPosition: {x: 0, y: 0.004, z: -0.13}
  m_LocalScale: {x: 1, y: 1, z: 1}
  m_Children: []
  m_Father: {fileID: 7820458990909441810}
  m_RootOrder: 1
  m_LocalEulerAnglesHint: {x: 0, y: 0, z: 0}
--- !u!65 &2255086596689531164
BoxCollider:
  m_ObjectHideFlags: 0
  m_CorrespondingSourceObject: {fileID: 0}
  m_PrefabInstance: {fileID: 0}
  m_PrefabAsset: {fileID: 0}
  m_GameObject: {fileID: 3188925394873113312}
  m_Material: {fileID: 0}
  m_IsTrigger: 0
  m_Enabled: 1
  serializedVersion: 2
  m_Size: {x: 0.05, y: 0.7, z: 0.4}
  m_Center: {x: -0.3, y: 0, z: 0.3}
--- !u!1 &4094859007225885499
GameObject:
  m_ObjectHideFlags: 0
  m_CorrespondingSourceObject: {fileID: 0}
  m_PrefabInstance: {fileID: 0}
  m_PrefabAsset: {fileID: 0}
  serializedVersion: 6
  m_Component:
  - component: {fileID: 3096496839579068094}
  - component: {fileID: 2137971806218173090}
  m_Layer: 0
  m_Name: Right
  m_TagString: Untagged
  m_Icon: {fileID: 0}
  m_NavMeshLayer: 0
  m_StaticEditorFlags: 0
  m_IsActive: 1
--- !u!4 &3096496839579068094
Transform:
  m_ObjectHideFlags: 0
  m_CorrespondingSourceObject: {fileID: 0}
  m_PrefabInstance: {fileID: 0}
  m_PrefabAsset: {fileID: 0}
  m_GameObject: {fileID: 4094859007225885499}
  m_LocalRotation: {x: 0, y: 0, z: 0, w: 1}
  m_LocalPosition: {x: 0, y: 0.015, z: -0.135}
  m_LocalScale: {x: 1, y: 1, z: 1}
  m_Children: []
  m_Father: {fileID: 7820458990909441810}
  m_RootOrder: 0
  m_LocalEulerAnglesHint: {x: 0, y: 0, z: 0}
--- !u!65 &2137971806218173090
BoxCollider:
  m_ObjectHideFlags: 0
  m_CorrespondingSourceObject: {fileID: 0}
  m_PrefabInstance: {fileID: 0}
  m_PrefabAsset: {fileID: 0}
  m_GameObject: {fileID: 4094859007225885499}
  m_Material: {fileID: 0}
  m_IsTrigger: 0
  m_Enabled: 1
  serializedVersion: 2
  m_Size: {x: 0.05, y: 0.7, z: 0.4}
  m_Center: {x: 0.3, y: 0, z: 0.3}
--- !u!1 &7820458990909610802
GameObject:
  m_ObjectHideFlags: 0
  m_CorrespondingSourceObject: {fileID: 0}
  m_PrefabInstance: {fileID: 0}
  m_PrefabAsset: {fileID: 0}
  serializedVersion: 6
  m_Component:
  - component: {fileID: 7820458990909441810}
  - component: {fileID: 7820458990908639026}
  - component: {fileID: 7820458990907672050}
  - component: {fileID: 461833142960947490}
  - component: {fileID: 8228470341810071502}
  m_Layer: 0
  m_Name: newbasket1
  m_TagString: Untagged
  m_Icon: {fileID: 0}
  m_NavMeshLayer: 0
  m_StaticEditorFlags: 0
  m_IsActive: 1
--- !u!4 &7820458990909441810
Transform:
  m_ObjectHideFlags: 0
  m_CorrespondingSourceObject: {fileID: 0}
  m_PrefabInstance: {fileID: 0}
  m_PrefabAsset: {fileID: 0}
  m_GameObject: {fileID: 7820458990909610802}
  m_LocalRotation: {x: -0.7071068, y: 0, z: 0, w: 0.7071068}
  m_LocalPosition: {x: -0, y: 0, z: 0}
  m_LocalScale: {x: 4, y: 4, z: 4}
  m_Children:
  - {fileID: 3096496839579068094}
  - {fileID: 78966174445603834}
  - {fileID: 2532358266024443748}
  - {fileID: 4643311465987919501}
  - {fileID: 4706133620389582633}
  - {fileID: 5842492024021684222}
  - {fileID: 2819804617822776091}
  m_Father: {fileID: 0}
  m_RootOrder: 0
  m_LocalEulerAnglesHint: {x: -90, y: 0, z: 0}
--- !u!33 &7820458990908639026
MeshFilter:
  m_ObjectHideFlags: 0
  m_CorrespondingSourceObject: {fileID: 0}
  m_PrefabInstance: {fileID: 0}
  m_PrefabAsset: {fileID: 0}
  m_GameObject: {fileID: 7820458990909610802}
  m_Mesh: {fileID: 4300000, guid: 320350d2c0d378c4db4d90712a05f78d, type: 3}
--- !u!23 &7820458990907672050
MeshRenderer:
  m_ObjectHideFlags: 0
  m_CorrespondingSourceObject: {fileID: 0}
  m_PrefabInstance: {fileID: 0}
  m_PrefabAsset: {fileID: 0}
  m_GameObject: {fileID: 7820458990909610802}
  m_Enabled: 1
  m_CastShadows: 1
  m_ReceiveShadows: 1
  m_DynamicOccludee: 1
  m_MotionVectors: 1
  m_LightProbeUsage: 1
  m_ReflectionProbeUsage: 1
  m_RenderingLayerMask: 1
  m_RendererPriority: 0
  m_Materials:
  - {fileID: 2100000, guid: 953faefbac7e32a43b08c23e42370b42, type: 2}
  m_StaticBatchInfo:
    firstSubMesh: 0
    subMeshCount: 0
  m_StaticBatchRoot: {fileID: 0}
  m_ProbeAnchor: {fileID: 0}
  m_LightProbeVolumeOverride: {fileID: 0}
  m_ScaleInLightmap: 1
  m_PreserveUVs: 0
  m_IgnoreNormalsForChartDetection: 0
  m_ImportantGI: 0
  m_StitchLightmapSeams: 0
  m_SelectedEditorRenderState: 3
  m_MinimumChartSize: 4
  m_AutoUVMaxDistance: 0.5
  m_AutoUVMaxAngle: 89
  m_LightmapParameters: {fileID: 0}
  m_SortingLayerID: 0
  m_SortingLayer: 0
  m_SortingOrder: 0
--- !u!65 &461833142960947490
BoxCollider:
  m_ObjectHideFlags: 0
  m_CorrespondingSourceObject: {fileID: 0}
  m_PrefabInstance: {fileID: 0}
  m_PrefabAsset: {fileID: 0}
  m_GameObject: {fileID: 7820458990909610802}
  m_Material: {fileID: 0}
  m_IsTrigger: 1
  m_Enabled: 1
  serializedVersion: 2
  m_Size: {x: 0.94, y: 0.91, z: 0.06}
  m_Center: {x: 0, y: 0, z: 0.39}
--- !u!114 &8228470341810071502
MonoBehaviour:
  m_ObjectHideFlags: 0
  m_CorrespondingSourceObject: {fileID: 0}
  m_PrefabInstance: {fileID: 0}
  m_PrefabAsset: {fileID: 0}
  m_GameObject: {fileID: 7820458990909610802}
  m_Enabled: 1
  m_EditorHideFlags: 0
  m_Script: {fileID: 11500000, guid: d565c752b2df344f2ae3ef27f1f3999f, type: 3}
  m_Name: 
  m_EditorClassIdentifier: 
  counter: {fileID: 0}
  basketFillesObj:
  - {fileID: 8611336704270252396}
  - {fileID: 5917526991313926975}
  - {fileID: 8971354764846130587}
  oppsObj: {fileID: 0}
--- !u!1001 &1055366214
PrefabInstance:
  m_ObjectHideFlags: 0
  serializedVersion: 2
  m_Modification:
    m_TransformParent: {fileID: 7820458990909441810}
    m_Modifications:
    - target: {fileID: 5917526990422468473, guid: 2c7206e7304392747ac7240c47667e38,
        type: 3}
      propertyPath: m_Name
      value: giftbox1
      objectReference: {fileID: 0}
    - target: {fileID: 5917526990422468473, guid: 2c7206e7304392747ac7240c47667e38,
        type: 3}
      propertyPath: m_IsActive
      value: 0
      objectReference: {fileID: 0}
    - target: {fileID: 5842492022970782648, guid: 2c7206e7304392747ac7240c47667e38,
        type: 3}
      propertyPath: m_LocalPosition.x
      value: -0.123
      objectReference: {fileID: 0}
    - target: {fileID: 5842492022970782648, guid: 2c7206e7304392747ac7240c47667e38,
        type: 3}
      propertyPath: m_LocalPosition.y
      value: -0.098
      objectReference: {fileID: 0}
    - target: {fileID: 5842492022970782648, guid: 2c7206e7304392747ac7240c47667e38,
        type: 3}
      propertyPath: m_LocalPosition.z
      value: 0.362
      objectReference: {fileID: 0}
    - target: {fileID: 5842492022970782648, guid: 2c7206e7304392747ac7240c47667e38,
        type: 3}
      propertyPath: m_LocalRotation.x
      value: -0.021732664
      objectReference: {fileID: 0}
    - target: {fileID: 5842492022970782648, guid: 2c7206e7304392747ac7240c47667e38,
        type: 3}
      propertyPath: m_LocalRotation.y
      value: 0.9727893
      objectReference: {fileID: 0}
    - target: {fileID: 5842492022970782648, guid: 2c7206e7304392747ac7240c47667e38,
        type: 3}
      propertyPath: m_LocalRotation.z
      value: -0.102244265
      objectReference: {fileID: 0}
    - target: {fileID: 5842492022970782648, guid: 2c7206e7304392747ac7240c47667e38,
        type: 3}
      propertyPath: m_LocalRotation.w
      value: -0.2067725
      objectReference: {fileID: 0}
    - target: {fileID: 5842492022970782648, guid: 2c7206e7304392747ac7240c47667e38,
        type: 3}
      propertyPath: m_RootOrder
      value: 5
      objectReference: {fileID: 0}
    - target: {fileID: 5842492022970782648, guid: 2c7206e7304392747ac7240c47667e38,
        type: 3}
      propertyPath: m_LocalEulerAnglesHint.x
      value: 12
      objectReference: {fileID: 0}
    - target: {fileID: 5842492022970782648, guid: 2c7206e7304392747ac7240c47667e38,
        type: 3}
      propertyPath: m_LocalEulerAnglesHint.y
      value: 204
      objectReference: {fileID: 0}
    - target: {fileID: 5842492022970782648, guid: 2c7206e7304392747ac7240c47667e38,
        type: 3}
      propertyPath: m_LocalEulerAnglesHint.z
      value: 0
      objectReference: {fileID: 0}
    - target: {fileID: 5842492022970782648, guid: 2c7206e7304392747ac7240c47667e38,
        type: 3}
      propertyPath: m_LocalScale.x
      value: 0.2
      objectReference: {fileID: 0}
    - target: {fileID: 5842492022970782648, guid: 2c7206e7304392747ac7240c47667e38,
        type: 3}
      propertyPath: m_LocalScale.y
      value: 0.2
      objectReference: {fileID: 0}
    - target: {fileID: 5842492022970782648, guid: 2c7206e7304392747ac7240c47667e38,
        type: 3}
      propertyPath: m_LocalScale.z
      value: 0.2
      objectReference: {fileID: 0}
    - target: {fileID: 5096041499822043807, guid: 2c7206e7304392747ac7240c47667e38,
        type: 3}
      propertyPath: m_IsActive
      value: 1
      objectReference: {fileID: 0}
    m_RemovedComponents:
    - {fileID: 1671294123538984563, guid: 2c7206e7304392747ac7240c47667e38, type: 3}
    - {fileID: 901725281366391617, guid: 2c7206e7304392747ac7240c47667e38, type: 3}
    - {fileID: 3751159813515282721, guid: 2c7206e7304392747ac7240c47667e38, type: 3}
    - {fileID: 6256009590527603820, guid: 2c7206e7304392747ac7240c47667e38, type: 3}
    - {fileID: 7082539927811839596, guid: 2c7206e7304392747ac7240c47667e38, type: 3}
    - {fileID: 4838579700444944406, guid: 2c7206e7304392747ac7240c47667e38, type: 3}
    - {fileID: 2145410179127403105, guid: 2c7206e7304392747ac7240c47667e38, type: 3}
    - {fileID: 4706619568709304462, guid: 2c7206e7304392747ac7240c47667e38, type: 3}
    - {fileID: 56793211730624111, guid: 2c7206e7304392747ac7240c47667e38, type: 3}
    - {fileID: 9168911905881285042, guid: 2c7206e7304392747ac7240c47667e38, type: 3}
    - {fileID: 379100427719938632, guid: 2c7206e7304392747ac7240c47667e38, type: 3}
  m_SourcePrefab: {fileID: 100100000, guid: 2c7206e7304392747ac7240c47667e38, type: 3}
--- !u!1 &5917526991313926975 stripped
GameObject:
  m_CorrespondingSourceObject: {fileID: 5917526990422468473, guid: 2c7206e7304392747ac7240c47667e38,
    type: 3}
  m_PrefabInstance: {fileID: 1055366214}
  m_PrefabAsset: {fileID: 0}
--- !u!4 &5842492024021684222 stripped
Transform:
  m_CorrespondingSourceObject: {fileID: 5842492022970782648, guid: 2c7206e7304392747ac7240c47667e38,
    type: 3}
  m_PrefabInstance: {fileID: 1055366214}
  m_PrefabAsset: {fileID: 0}
--- !u!1001 &1535706392
PrefabInstance:
  m_ObjectHideFlags: 0
  serializedVersion: 2
  m_Modification:
    m_TransformParent: {fileID: 7820458990909441810}
    m_Modifications:
    - target: {fileID: 8971354763411087491, guid: 7db7de6da4d730f40983c33bf228fde9,
        type: 3}
      propertyPath: m_Name
      value: giftbox3
      objectReference: {fileID: 0}
    - target: {fileID: 8971354763411087491, guid: 7db7de6da4d730f40983c33bf228fde9,
        type: 3}
      propertyPath: m_IsActive
      value: 0
      objectReference: {fileID: 0}
    - target: {fileID: 2819804619324796419, guid: 7db7de6da4d730f40983c33bf228fde9,
        type: 3}
      propertyPath: m_LocalPosition.x
      value: 0.134
      objectReference: {fileID: 0}
    - target: {fileID: 2819804619324796419, guid: 7db7de6da4d730f40983c33bf228fde9,
        type: 3}
      propertyPath: m_LocalPosition.y
      value: -0.099
      objectReference: {fileID: 0}
    - target: {fileID: 2819804619324796419, guid: 7db7de6da4d730f40983c33bf228fde9,
        type: 3}
      propertyPath: m_LocalPosition.z
      value: 0.355
      objectReference: {fileID: 0}
    - target: {fileID: 2819804619324796419, guid: 7db7de6da4d730f40983c33bf228fde9,
        type: 3}
      propertyPath: m_LocalRotation.x
      value: -0.008237572
      objectReference: {fileID: 0}
    - target: {fileID: 2819804619324796419, guid: 7db7de6da4d730f40983c33bf228fde9,
        type: 3}
      propertyPath: m_LocalRotation.y
      value: 0.9914288
      objectReference: {fileID: 0}
    - target: {fileID: 2819804619324796419, guid: 7db7de6da4d730f40983c33bf228fde9,
        type: 3}
      propertyPath: m_LocalRotation.z
      value: -0.10420336
      objectReference: {fileID: 0}
    - target: {fileID: 2819804619324796419, guid: 7db7de6da4d730f40983c33bf228fde9,
        type: 3}
      propertyPath: m_LocalRotation.w
      value: -0.078375265
      objectReference: {fileID: 0}
    - target: {fileID: 2819804619324796419, guid: 7db7de6da4d730f40983c33bf228fde9,
        type: 3}
      propertyPath: m_RootOrder
      value: 6
      objectReference: {fileID: 0}
    - target: {fileID: 2819804619324796419, guid: 7db7de6da4d730f40983c33bf228fde9,
        type: 3}
      propertyPath: m_LocalEulerAnglesHint.x
      value: 12
      objectReference: {fileID: 0}
    - target: {fileID: 2819804619324796419, guid: 7db7de6da4d730f40983c33bf228fde9,
        type: 3}
      propertyPath: m_LocalEulerAnglesHint.y
      value: 189.04
      objectReference: {fileID: 0}
    - target: {fileID: 2819804619324796419, guid: 7db7de6da4d730f40983c33bf228fde9,
        type: 3}
      propertyPath: m_LocalEulerAnglesHint.z
      value: 0
      objectReference: {fileID: 0}
    - target: {fileID: 2819804619324796419, guid: 7db7de6da4d730f40983c33bf228fde9,
        type: 3}
      propertyPath: m_LocalScale.x
      value: 0.2
      objectReference: {fileID: 0}
    - target: {fileID: 2819804619324796419, guid: 7db7de6da4d730f40983c33bf228fde9,
        type: 3}
      propertyPath: m_LocalScale.y
      value: 0.2
      objectReference: {fileID: 0}
    - target: {fileID: 2819804619324796419, guid: 7db7de6da4d730f40983c33bf228fde9,
        type: 3}
      propertyPath: m_LocalScale.z
      value: 0.2
      objectReference: {fileID: 0}
    - target: {fileID: 5063842550502519505, guid: 7db7de6da4d730f40983c33bf228fde9,
        type: 3}
      propertyPath: m_IsActive
      value: 0
      objectReference: {fileID: 0}
    m_RemovedComponents:
    - {fileID: 6095443273653754640, guid: 7db7de6da4d730f40983c33bf228fde9, type: 3}
    - {fileID: 2721715090757066649, guid: 7db7de6da4d730f40983c33bf228fde9, type: 3}
    - {fileID: 8008265398549791593, guid: 7db7de6da4d730f40983c33bf228fde9, type: 3}
    - {fileID: 3860710134182751458, guid: 7db7de6da4d730f40983c33bf228fde9, type: 3}
    - {fileID: 7965629526100784874, guid: 7db7de6da4d730f40983c33bf228fde9, type: 3}
    - {fileID: 8050293854887460801, guid: 7db7de6da4d730f40983c33bf228fde9, type: 3}
    - {fileID: 5191315277512700904, guid: 7db7de6da4d730f40983c33bf228fde9, type: 3}
    - {fileID: 6853294380009397121, guid: 7db7de6da4d730f40983c33bf228fde9, type: 3}
    - {fileID: 7644723813218709472, guid: 7db7de6da4d730f40983c33bf228fde9, type: 3}
    - {fileID: 3304828472916511003, guid: 7db7de6da4d730f40983c33bf228fde9, type: 3}
  m_SourcePrefab: {fileID: 100100000, guid: 7db7de6da4d730f40983c33bf228fde9, type: 3}
--- !u!1 &8971354764846130587 stripped
GameObject:
  m_CorrespondingSourceObject: {fileID: 8971354763411087491, guid: 7db7de6da4d730f40983c33bf228fde9,
    type: 3}
  m_PrefabInstance: {fileID: 1535706392}
  m_PrefabAsset: {fileID: 0}
--- !u!4 &2819804617822776091 stripped
Transform:
  m_CorrespondingSourceObject: {fileID: 2819804619324796419, guid: 7db7de6da4d730f40983c33bf228fde9,
    type: 3}
  m_PrefabInstance: {fileID: 1535706392}
  m_PrefabAsset: {fileID: 0}
--- !u!1001 &2106336114
PrefabInstance:
  m_ObjectHideFlags: 0
  serializedVersion: 2
  m_Modification:
    m_TransformParent: {fileID: 7820458990909441810}
    m_Modifications:
    - target: {fileID: 8611336705804573214, guid: fdb3bfc240c439a458d4a9eecb2e20aa,
        type: 3}
      propertyPath: m_Name
      value: gift5
      objectReference: {fileID: 0}
    - target: {fileID: 8611336705804573214, guid: fdb3bfc240c439a458d4a9eecb2e20aa,
        type: 3}
      propertyPath: m_IsActive
      value: 0
      objectReference: {fileID: 0}
    - target: {fileID: 4706133618585777243, guid: fdb3bfc240c439a458d4a9eecb2e20aa,
        type: 3}
      propertyPath: m_LocalPosition.x
      value: -0.022
      objectReference: {fileID: 0}
    - target: {fileID: 4706133618585777243, guid: fdb3bfc240c439a458d4a9eecb2e20aa,
        type: 3}
      propertyPath: m_LocalPosition.y
      value: 0.062
      objectReference: {fileID: 0}
    - target: {fileID: 4706133618585777243, guid: fdb3bfc240c439a458d4a9eecb2e20aa,
        type: 3}
      propertyPath: m_LocalPosition.z
      value: 0.256
      objectReference: {fileID: 0}
    - target: {fileID: 4706133618585777243, guid: fdb3bfc240c439a458d4a9eecb2e20aa,
        type: 3}
      propertyPath: m_LocalRotation.x
      value: 0.020107416
      objectReference: {fileID: 0}
    - target: {fileID: 4706133618585777243, guid: fdb3bfc240c439a458d4a9eecb2e20aa,
        type: 3}
      propertyPath: m_LocalRotation.y
      value: 0.86597496
      objectReference: {fileID: 0}
    - target: {fileID: 4706133618585777243, guid: fdb3bfc240c439a458d4a9eecb2e20aa,
        type: 3}
      propertyPath: m_LocalRotation.z
      value: 0.03493259
      objectReference: {fileID: 0}
    - target: {fileID: 4706133618585777243, guid: fdb3bfc240c439a458d4a9eecb2e20aa,
        type: 3}
      propertyPath: m_LocalRotation.w
      value: -0.49846053
      objectReference: {fileID: 0}
    - target: {fileID: 4706133618585777243, guid: fdb3bfc240c439a458d4a9eecb2e20aa,
        type: 3}
      propertyPath: m_RootOrder
      value: 4
      objectReference: {fileID: 0}
    - target: {fileID: 4706133618585777243, guid: fdb3bfc240c439a458d4a9eecb2e20aa,
        type: 3}
      propertyPath: m_LocalEulerAnglesHint.x
      value: -4.62
      objectReference: {fileID: 0}
    - target: {fileID: 4706133618585777243, guid: fdb3bfc240c439a458d4a9eecb2e20aa,
        type: 3}
      propertyPath: m_LocalEulerAnglesHint.y
      value: 239.85
      objectReference: {fileID: 0}
    - target: {fileID: 4706133618585777243, guid: fdb3bfc240c439a458d4a9eecb2e20aa,
        type: 3}
      propertyPath: m_LocalEulerAnglesHint.z
      value: 0
      objectReference: {fileID: 0}
    - target: {fileID: 4706133618585777243, guid: fdb3bfc240c439a458d4a9eecb2e20aa,
        type: 3}
      propertyPath: m_LocalScale.x
      value: 0.2
      objectReference: {fileID: 0}
    - target: {fileID: 4706133618585777243, guid: fdb3bfc240c439a458d4a9eecb2e20aa,
        type: 3}
      propertyPath: m_LocalScale.y
      value: 0.2
      objectReference: {fileID: 0}
    - target: {fileID: 4706133618585777243, guid: fdb3bfc240c439a458d4a9eecb2e20aa,
        type: 3}
      propertyPath: m_LocalScale.z
      value: 0.2
      objectReference: {fileID: 0}
    - target: {fileID: 2472663926853897924, guid: fdb3bfc240c439a458d4a9eecb2e20aa,
        type: 3}
      propertyPath: m_IsActive
      value: 0
      objectReference: {fileID: 0}
    - target: {fileID: 2472663927160690381, guid: fdb3bfc240c439a458d4a9eecb2e20aa,
        type: 3}
      propertyPath: m_IsActive
      value: 0
      objectReference: {fileID: 0}
    m_RemovedComponents: []
  m_SourcePrefab: {fileID: 100100000, guid: fdb3bfc240c439a458d4a9eecb2e20aa, type: 3}
--- !u!1 &8611336704270252396 stripped
GameObject:
  m_CorrespondingSourceObject: {fileID: 8611336705804573214, guid: fdb3bfc240c439a458d4a9eecb2e20aa,
    type: 3}
  m_PrefabInstance: {fileID: 2106336114}
  m_PrefabAsset: {fileID: 0}
--- !u!4 &4706133620389582633 stripped
Transform:
  m_CorrespondingSourceObject: {fileID: 4706133618585777243, guid: fdb3bfc240c439a458d4a9eecb2e20aa,
    type: 3}
  m_PrefabInstance: {fileID: 2106336114}
  m_PrefabAsset: {fileID: 0}
