%YAML 1.1
%TAG !u! tag:unity3d.com,2011:
--- !u!1001 &100100000
Prefab:
  m_ObjectHideFlags: 1
  serializedVersion: 2
  m_Modification:
    m_TransformParent: {fileID: 0}
    m_Modifications: []
    m_RemovedComponents: []
  m_ParentPrefab: {fileID: 0}
  m_RootGameObject: {fileID: 1003845500731044}
  m_IsPrefabParent: 1
--- !u!1 &1003845500731044
GameObject:
  m_ObjectHideFlags: 0
  m_PrefabParentObject: {fileID: 0}
  m_PrefabInternal: {fileID: 100100000}
  serializedVersion: 5
  m_Component:
  - component: {fileID: 4727864236410622}
  - component: {fileID: 114116367342839908}
  - component: {fileID: 114696907514223338}
  - component: {fileID: 114404920125888376}
  - component: {fileID: 114174422482763190}
  - component: {fileID: 114184593779428446}
  - component: {fileID: 114488401991991200}
  m_Layer: 0
  m_Name: GameManager
  m_TagString: GameManager
  m_Icon: {fileID: 0}
  m_NavMeshLayer: 0
  m_StaticEditorFlags: 0
  m_IsActive: 1
--- !u!4 &4727864236410622
Transform:
  m_ObjectHideFlags: 1
  m_PrefabParentObject: {fileID: 0}
  m_PrefabInternal: {fileID: 100100000}
  m_GameObject: {fileID: 1003845500731044}
  m_LocalRotation: {x: 0, y: 0, z: 0, w: 1}
  m_LocalPosition: {x: 0, y: 0, z: 0}
  m_LocalScale: {x: 1, y: 1, z: 1}
  m_Children: []
  m_Father: {fileID: 0}
  m_RootOrder: 0
  m_LocalEulerAnglesHint: {x: 0, y: 0, z: 0}
--- !u!114 &114116367342839908
MonoBehaviour:
  m_ObjectHideFlags: 1
  m_PrefabParentObject: {fileID: 0}
  m_PrefabInternal: {fileID: 100100000}
  m_GameObject: {fileID: 1003845500731044}
  m_Enabled: 1
  m_EditorHideFlags: 0
  m_Script: {fileID: 11500000, guid: 4fb6467adb52c4d8a911fad7086cb6ed, type: 3}
  m_Name: 
  m_EditorClassIdentifier: 
  enemy:
  - {fileID: 1999275261972024, guid: c34575918a86f4f79bedd374dcff0b09, type: 2}
  - {fileID: 1138200055024590, guid: 458dc3a3d72c849d69aee588ba2a6647, type: 2}
  spawnTime: 0.5
  spawnPoint1:
  - {fileID: 0}
--- !u!114 &114174422482763190
MonoBehaviour:
  m_ObjectHideFlags: 1
  m_PrefabParentObject: {fileID: 0}
  m_PrefabInternal: {fileID: 100100000}
  m_GameObject: {fileID: 1003845500731044}
  m_Enabled: 1
  m_EditorHideFlags: 0
  m_Script: {fileID: 11500000, guid: 00d250b71d69447c29b0812928fb10e4, type: 3}
  m_Name: 
  m_EditorClassIdentifier: 
  timeField: {fileID: 0}
  pauseMenuUI: {fileID: 0}
  scoreField: {fileID: 0}
  fireButton: {fileID: 0}
--- !u!114 &114184593779428446
MonoBehaviour:
  m_ObjectHideFlags: 1
  m_PrefabParentObject: {fileID: 0}
  m_PrefabInternal: {fileID: 100100000}
  m_GameObject: {fileID: 1003845500731044}
  m_Enabled: 1
  m_EditorHideFlags: 0
  m_Script: {fileID: 11500000, guid: d7d87f01cb278450ba636a7f6826b554, type: 3}
  m_Name: 
  m_EditorClassIdentifier: 
--- !u!114 &114404920125888376
MonoBehaviour:
  m_ObjectHideFlags: 1
  m_PrefabParentObject: {fileID: 0}
  m_PrefabInternal: {fileID: 100100000}
  m_GameObject: {fileID: 1003845500731044}
  m_Enabled: 1
  m_EditorHideFlags: 0
  m_Script: {fileID: 11500000, guid: 27d02c5b0e0e24e658a502250d201d41, type: 3}
  m_Name: 
  m_EditorClassIdentifier: 
  totalTimer: 90
--- !u!114 &114488401991991200
MonoBehaviour:
  m_ObjectHideFlags: 1
  m_PrefabParentObject: {fileID: 0}
  m_PrefabInternal: {fileID: 100100000}
  m_GameObject: {fileID: 1003845500731044}
  m_Enabled: 1
  m_EditorHideFlags: 0
  m_Script: {fileID: 11500000, guid: 5c896ff4a14e041148eff76cf38a76dc, type: 3}
  m_Name: 
  m_EditorClassIdentifier: 
  speed: 500
  fireRate: 0.25
  shot: {fileID: 1857354614659260, guid: 4375446a746cd453a87fb9d71721331b, type: 2}
  shotSpawn: {fileID: 0}
  fireCanon: {fileID: 0}
  maxRecoil_x: -0.01
  recoilSpeed: 5
--- !u!114 &114696907514223338
MonoBehaviour:
  m_ObjectHideFlags: 1
  m_PrefabParentObject: {fileID: 0}
  m_PrefabInternal: {fileID: 100100000}
  m_GameObject: {fileID: 1003845500731044}
  m_Enabled: 1
  m_EditorHideFlags: 0
  m_Script: {fileID: 11500000, guid: 6cb6e61a2a4724e3cb6209c754f10a0d, type: 3}
  m_Name: 
  m_EditorClassIdentifier: 
  scorePoints: 5
