%YAML 1.1
%TAG !u! tag:unity3d.com,2011:
--- !u!1001 &100100000
Prefab:
  m_ObjectHideFlags: 1
  serializedVersion: 2
  m_Modification:
    m_TransformParent: {fileID: 0}
    m_Modifications: []
    m_RemovedComponents: []
  m_SourcePrefab: {fileID: 0}
  m_RootGameObject: {fileID: 1129943969355230}
  m_IsPrefabAsset: 1
--- !u!1 &1000754927722246
GameObject:
  m_ObjectHideFlags: 1
  m_CorrespondingSourceObject: {fileID: 0}
  m_PrefabInternal: {fileID: 100100000}
  serializedVersion: 6
  m_Component:
  - component: {fileID: 4495132319570332}
  m_Layer: 0
  m_Name: Tail5
  m_TagString: Untagged
  m_Icon: {fileID: 0}
  m_NavMeshLayer: 0
  m_StaticEditorFlags: 0
  m_IsActive: 1
--- !u!1 &1006310560859242
GameObject:
  m_ObjectHideFlags: 1
  m_CorrespondingSourceObject: {fileID: 0}
  m_PrefabInternal: {fileID: 100100000}
  serializedVersion: 6
  m_Component:
  - component: {fileID: 4121684368285752}
  m_Layer: 0
  m_Name: WingDetail10_L 1
  m_TagString: Untagged
  m_Icon: {fileID: 0}
  m_NavMeshLayer: 0
  m_StaticEditorFlags: 0
  m_IsActive: 1
--- !u!1 &1009022998935180
GameObject:
  m_ObjectHideFlags: 1
  m_CorrespondingSourceObject: {fileID: 0}
  m_PrefabInternal: {fileID: 100100000}
  serializedVersion: 6
  m_Component:
  - component: {fileID: 4023937742041728}
  m_Layer: 0
  m_Name: Wing3_L
  m_TagString: Untagged
  m_Icon: {fileID: 0}
  m_NavMeshLayer: 0
  m_StaticEditorFlags: 0
  m_IsActive: 1
--- !u!1 &1018132228418172
GameObject:
  m_ObjectHideFlags: 1
  m_CorrespondingSourceObject: {fileID: 0}
  m_PrefabInternal: {fileID: 100100000}
  serializedVersion: 6
  m_Component:
  - component: {fileID: 4099646560340070}
  m_Layer: 0
  m_Name: Chest
  m_TagString: Untagged
  m_Icon: {fileID: 0}
  m_NavMeshLayer: 0
  m_StaticEditorFlags: 0
  m_IsActive: 1
--- !u!1 &1028623073877900
GameObject:
  m_ObjectHideFlags: 1
  m_CorrespondingSourceObject: {fileID: 0}
  m_PrefabInternal: {fileID: 100100000}
  serializedVersion: 6
  m_Component:
  - component: {fileID: 4309559777103296}
  m_Layer: 0
  m_Name: Finger1_L 1
  m_TagString: Untagged
  m_Icon: {fileID: 0}
  m_NavMeshLayer: 0
  m_StaticEditorFlags: 0
  m_IsActive: 1
--- !u!1 &1028970036681112
GameObject:
  m_ObjectHideFlags: 1
  m_CorrespondingSourceObject: {fileID: 0}
  m_PrefabInternal: {fileID: 100100000}
  serializedVersion: 6
  m_Component:
  - component: {fileID: 4303436333829222}
  m_Layer: 0
  m_Name: Jaw1
  m_TagString: Untagged
  m_Icon: {fileID: 0}
  m_NavMeshLayer: 0
  m_StaticEditorFlags: 0
  m_IsActive: 1
--- !u!1 &1031024854659018
GameObject:
  m_ObjectHideFlags: 1
  m_CorrespondingSourceObject: {fileID: 0}
  m_PrefabInternal: {fileID: 100100000}
  serializedVersion: 6
  m_Component:
  - component: {fileID: 4697734936055660}
  m_Layer: 0
  m_Name: Jaw3
  m_TagString: Untagged
  m_Icon: {fileID: 0}
  m_NavMeshLayer: 0
  m_StaticEditorFlags: 0
  m_IsActive: 1
--- !u!1 &1042010825493048
GameObject:
  m_ObjectHideFlags: 1
  m_CorrespondingSourceObject: {fileID: 0}
  m_PrefabInternal: {fileID: 100100000}
  serializedVersion: 6
  m_Component:
  - component: {fileID: 4881115598959070}
  m_Layer: 0
  m_Name: Hand_L 1
  m_TagString: Untagged
  m_Icon: {fileID: 0}
  m_NavMeshLayer: 0
  m_StaticEditorFlags: 0
  m_IsActive: 1
--- !u!1 &1080664668963706
GameObject:
  m_ObjectHideFlags: 1
  m_CorrespondingSourceObject: {fileID: 0}
  m_PrefabInternal: {fileID: 100100000}
  serializedVersion: 6
  m_Component:
  - component: {fileID: 4915229388587846}
  m_Layer: 0
  m_Name: Wing2_L
  m_TagString: Untagged
  m_Icon: {fileID: 0}
  m_NavMeshLayer: 0
  m_StaticEditorFlags: 0
  m_IsActive: 1
--- !u!1 &1089342362792362
GameObject:
  m_ObjectHideFlags: 1
  m_CorrespondingSourceObject: {fileID: 0}
  m_PrefabInternal: {fileID: 100100000}
  serializedVersion: 6
  m_Component:
  - component: {fileID: 4465027094495558}
  m_Layer: 0
  m_Name: Finger2_L 1
  m_TagString: Untagged
  m_Icon: {fileID: 0}
  m_NavMeshLayer: 0
  m_StaticEditorFlags: 0
  m_IsActive: 1
--- !u!1 &1101582028643110
GameObject:
  m_ObjectHideFlags: 1
  m_CorrespondingSourceObject: {fileID: 0}
  m_PrefabInternal: {fileID: 100100000}
  serializedVersion: 6
  m_Component:
  - component: {fileID: 4821619051996694}
  m_Layer: 0
  m_Name: WingDetail6_L 1
  m_TagString: Untagged
  m_Icon: {fileID: 0}
  m_NavMeshLayer: 0
  m_StaticEditorFlags: 0
  m_IsActive: 1
--- !u!1 &1105286422979804
GameObject:
  m_ObjectHideFlags: 1
  m_CorrespondingSourceObject: {fileID: 0}
  m_PrefabInternal: {fileID: 100100000}
  serializedVersion: 6
  m_Component:
  - component: {fileID: 4080908542591802}
  m_Layer: 0
  m_Name: WingDetail5_L
  m_TagString: Untagged
  m_Icon: {fileID: 0}
  m_NavMeshLayer: 0
  m_StaticEditorFlags: 0
  m_IsActive: 1
--- !u!1 &1113974450193942
GameObject:
  m_ObjectHideFlags: 1
  m_CorrespondingSourceObject: {fileID: 0}
  m_PrefabInternal: {fileID: 100100000}
  serializedVersion: 6
  m_Component:
  - component: {fileID: 4217207918271734}
  m_Layer: 0
  m_Name: Wing1_L
  m_TagString: Untagged
  m_Icon: {fileID: 0}
  m_NavMeshLayer: 0
  m_StaticEditorFlags: 0
  m_IsActive: 1
--- !u!1 &1115834231936854
GameObject:
  m_ObjectHideFlags: 1
  m_CorrespondingSourceObject: {fileID: 0}
  m_PrefabInternal: {fileID: 100100000}
  serializedVersion: 6
  m_Component:
  - component: {fileID: 4931069342739714}
  m_Layer: 0
  m_Name: WingDetail7_L
  m_TagString: Untagged
  m_Icon: {fileID: 0}
  m_NavMeshLayer: 0
  m_StaticEditorFlags: 0
  m_IsActive: 1
--- !u!1 &1116047298463098
GameObject:
  m_ObjectHideFlags: 1
  m_CorrespondingSourceObject: {fileID: 0}
  m_PrefabInternal: {fileID: 100100000}
  serializedVersion: 6
  m_Component:
  - component: {fileID: 4356490824923294}
  m_Layer: 0
  m_Name: Root
  m_TagString: Untagged
  m_Icon: {fileID: 0}
  m_NavMeshLayer: 0
  m_StaticEditorFlags: 0
  m_IsActive: 1
--- !u!1 &1123667929997688
GameObject:
  m_ObjectHideFlags: 1
  m_CorrespondingSourceObject: {fileID: 0}
  m_PrefabInternal: {fileID: 100100000}
  serializedVersion: 6
  m_Component:
  - component: {fileID: 4292316857307930}
  m_Layer: 0
  m_Name: Wing3_L 1
  m_TagString: Untagged
  m_Icon: {fileID: 0}
  m_NavMeshLayer: 0
  m_StaticEditorFlags: 0
  m_IsActive: 1
--- !u!1 &1125739944725468
GameObject:
  m_ObjectHideFlags: 1
  m_CorrespondingSourceObject: {fileID: 0}
  m_PrefabInternal: {fileID: 100100000}
  serializedVersion: 6
  m_Component:
  - component: {fileID: 4149420740399702}
  m_Layer: 0
  m_Name: LowerArm_L
  m_TagString: Untagged
  m_Icon: {fileID: 0}
  m_NavMeshLayer: 0
  m_StaticEditorFlags: 0
  m_IsActive: 1
--- !u!1 &1129943969355230
GameObject:
  m_ObjectHideFlags: 0
  m_CorrespondingSourceObject: {fileID: 0}
  m_PrefabInternal: {fileID: 100100000}
  serializedVersion: 6
  m_Component:
  - component: {fileID: 4462789760913938}
  - component: {fileID: 65685125164582356}
  - component: {fileID: 54956524446295106}
  - component: {fileID: 82280726442983860}
  m_Layer: 0
  m_Name: dragon
  m_TagString: Untagged
  m_Icon: {fileID: 0}
  m_NavMeshLayer: 0
  m_StaticEditorFlags: 0
  m_IsActive: 1
--- !u!1 &1147757695700396
GameObject:
  m_ObjectHideFlags: 1
  m_CorrespondingSourceObject: {fileID: 0}
  m_PrefabInternal: {fileID: 100100000}
  serializedVersion: 6
  m_Component:
  - component: {fileID: 4389165020684232}
  m_Layer: 0
  m_Name: Wing2_L 1
  m_TagString: Untagged
  m_Icon: {fileID: 0}
  m_NavMeshLayer: 0
  m_StaticEditorFlags: 0
  m_IsActive: 1
--- !u!1 &1150535578154954
GameObject:
  m_ObjectHideFlags: 1
  m_CorrespondingSourceObject: {fileID: 0}
  m_PrefabInternal: {fileID: 100100000}
  serializedVersion: 6
  m_Component:
  - component: {fileID: 4211254782725636}
  m_Layer: 0
  m_Name: WingDetail2_L
  m_TagString: Untagged
  m_Icon: {fileID: 0}
  m_NavMeshLayer: 0
  m_StaticEditorFlags: 0
  m_IsActive: 1
--- !u!1 &1157826349929202
GameObject:
  m_ObjectHideFlags: 1
  m_CorrespondingSourceObject: {fileID: 0}
  m_PrefabInternal: {fileID: 100100000}
  serializedVersion: 6
  m_Component:
  - component: {fileID: 4563700720022090}
  m_Layer: 0
  m_Name: Spine2
  m_TagString: Untagged
  m_Icon: {fileID: 0}
  m_NavMeshLayer: 0
  m_StaticEditorFlags: 0
  m_IsActive: 1
--- !u!1 &1163615081172636
GameObject:
  m_ObjectHideFlags: 1
  m_CorrespondingSourceObject: {fileID: 0}
  m_PrefabInternal: {fileID: 100100000}
  serializedVersion: 6
  m_Component:
  - component: {fileID: 4288340879504488}
  m_Layer: 0
  m_Name: WingClaw1_L
  m_TagString: Untagged
  m_Icon: {fileID: 0}
  m_NavMeshLayer: 0
  m_StaticEditorFlags: 0
  m_IsActive: 1
--- !u!1 &1178830046031004
GameObject:
  m_ObjectHideFlags: 1
  m_CorrespondingSourceObject: {fileID: 0}
  m_PrefabInternal: {fileID: 100100000}
  serializedVersion: 6
  m_Component:
  - component: {fileID: 4793365720373840}
  m_Layer: 0
  m_Name: Neck1
  m_TagString: Untagged
  m_Icon: {fileID: 0}
  m_NavMeshLayer: 0
  m_StaticEditorFlags: 0
  m_IsActive: 1
--- !u!1 &1181373986450384
GameObject:
  m_ObjectHideFlags: 1
  m_CorrespondingSourceObject: {fileID: 0}
  m_PrefabInternal: {fileID: 100100000}
  serializedVersion: 6
  m_Component:
  - component: {fileID: 4164405628255736}
  m_Layer: 0
  m_Name: WingClaw4_L
  m_TagString: Untagged
  m_Icon: {fileID: 0}
  m_NavMeshLayer: 0
  m_StaticEditorFlags: 0
  m_IsActive: 1
--- !u!1 &1187859223624964
GameObject:
  m_ObjectHideFlags: 1
  m_CorrespondingSourceObject: {fileID: 0}
  m_PrefabInternal: {fileID: 100100000}
  serializedVersion: 6
  m_Component:
  - component: {fileID: 4192975363299572}
  m_Layer: 0
  m_Name: WingDetail12_L 1
  m_TagString: Untagged
  m_Icon: {fileID: 0}
  m_NavMeshLayer: 0
  m_StaticEditorFlags: 0
  m_IsActive: 1
--- !u!1 &1190888993620066
GameObject:
  m_ObjectHideFlags: 1
  m_CorrespondingSourceObject: {fileID: 0}
  m_PrefabInternal: {fileID: 100100000}
  serializedVersion: 6
  m_Component:
  - component: {fileID: 4050228044766090}
  m_Layer: 0
  m_Name: WingDetail8_L 1
  m_TagString: Untagged
  m_Icon: {fileID: 0}
  m_NavMeshLayer: 0
  m_StaticEditorFlags: 0
  m_IsActive: 1
--- !u!1 &1214265379231696
GameObject:
  m_ObjectHideFlags: 1
  m_CorrespondingSourceObject: {fileID: 0}
  m_PrefabInternal: {fileID: 100100000}
  serializedVersion: 6
  m_Component:
  - component: {fileID: 4909890914386908}
  m_Layer: 0
  m_Name: WingDetail10_L
  m_TagString: Untagged
  m_Icon: {fileID: 0}
  m_NavMeshLayer: 0
  m_StaticEditorFlags: 0
  m_IsActive: 1
--- !u!1 &1271001334185912
GameObject:
  m_ObjectHideFlags: 1
  m_CorrespondingSourceObject: {fileID: 0}
  m_PrefabInternal: {fileID: 100100000}
  serializedVersion: 6
  m_Component:
  - component: {fileID: 4660518507380454}
  m_Layer: 0
  m_Name: Toe2_L
  m_TagString: Untagged
  m_Icon: {fileID: 0}
  m_NavMeshLayer: 0
  m_StaticEditorFlags: 0
  m_IsActive: 1
--- !u!1 &1273908131181682
GameObject:
  m_ObjectHideFlags: 1
  m_CorrespondingSourceObject: {fileID: 0}
  m_PrefabInternal: {fileID: 100100000}
  serializedVersion: 6
  m_Component:
  - component: {fileID: 4194612858442136}
  m_Layer: 0
  m_Name: WingDetail5_L 1
  m_TagString: Untagged
  m_Icon: {fileID: 0}
  m_NavMeshLayer: 0
  m_StaticEditorFlags: 0
  m_IsActive: 1
--- !u!1 &1284557674182734
GameObject:
  m_ObjectHideFlags: 1
  m_CorrespondingSourceObject: {fileID: 0}
  m_PrefabInternal: {fileID: 100100000}
  serializedVersion: 6
  m_Component:
  - component: {fileID: 4147940416013242}
  m_Layer: 0
  m_Name: LowerLeg_L 1
  m_TagString: Untagged
  m_Icon: {fileID: 0}
  m_NavMeshLayer: 0
  m_StaticEditorFlags: 0
  m_IsActive: 1
--- !u!1 &1328076902309334
GameObject:
  m_ObjectHideFlags: 1
  m_CorrespondingSourceObject: {fileID: 0}
  m_PrefabInternal: {fileID: 100100000}
  serializedVersion: 6
  m_Component:
  - component: {fileID: 4686080701044326}
  m_Layer: 0
  m_Name: Toe2_L 1
  m_TagString: Untagged
  m_Icon: {fileID: 0}
  m_NavMeshLayer: 0
  m_StaticEditorFlags: 0
  m_IsActive: 1
--- !u!1 &1341729005652814
GameObject:
  m_ObjectHideFlags: 1
  m_CorrespondingSourceObject: {fileID: 0}
  m_PrefabInternal: {fileID: 100100000}
  serializedVersion: 6
  m_Component:
  - component: {fileID: 4800377112574932}
  m_Layer: 0
  m_Name: WingClaw3_L 1
  m_TagString: Untagged
  m_Icon: {fileID: 0}
  m_NavMeshLayer: 0
  m_StaticEditorFlags: 0
  m_IsActive: 1
--- !u!1 &1350400963393406
GameObject:
  m_ObjectHideFlags: 1
  m_CorrespondingSourceObject: {fileID: 0}
  m_PrefabInternal: {fileID: 100100000}
  serializedVersion: 6
  m_Component:
  - component: {fileID: 4624969667094292}
  m_Layer: 0
  m_Name: Head
  m_TagString: Untagged
  m_Icon: {fileID: 0}
  m_NavMeshLayer: 0
  m_StaticEditorFlags: 0
  m_IsActive: 1
--- !u!1 &1365646517319860
GameObject:
  m_ObjectHideFlags: 1
  m_CorrespondingSourceObject: {fileID: 0}
  m_PrefabInternal: {fileID: 100100000}
  serializedVersion: 6
  m_Component:
  - component: {fileID: 4520219093186944}
  m_Layer: 0
  m_Name: WingClaw1_L 1
  m_TagString: Untagged
  m_Icon: {fileID: 0}
  m_NavMeshLayer: 0
  m_StaticEditorFlags: 0
  m_IsActive: 1
--- !u!1 &1395048679280828
GameObject:
  m_ObjectHideFlags: 1
  m_CorrespondingSourceObject: {fileID: 0}
  m_PrefabInternal: {fileID: 100100000}
  serializedVersion: 6
  m_Component:
  - component: {fileID: 4164154455317756}
  m_Layer: 0
  m_Name: Toe1_L 1
  m_TagString: Untagged
  m_Icon: {fileID: 0}
  m_NavMeshLayer: 0
  m_StaticEditorFlags: 0
  m_IsActive: 1
--- !u!1 &1397478489899670
GameObject:
  m_ObjectHideFlags: 1
  m_CorrespondingSourceObject: {fileID: 0}
  m_PrefabInternal: {fileID: 100100000}
  serializedVersion: 6
  m_Component:
  - component: {fileID: 4053925889051478}
  m_Layer: 0
  m_Name: WingDetail3_L
  m_TagString: Untagged
  m_Icon: {fileID: 0}
  m_NavMeshLayer: 0
  m_StaticEditorFlags: 0
  m_IsActive: 1
--- !u!1 &1406279617223542
GameObject:
  m_ObjectHideFlags: 1
  m_CorrespondingSourceObject: {fileID: 0}
  m_PrefabInternal: {fileID: 100100000}
  serializedVersion: 6
  m_Component:
  - component: {fileID: 4701603508344884}
  m_Layer: 0
  m_Name: WingDetail3_L 1
  m_TagString: Untagged
  m_Icon: {fileID: 0}
  m_NavMeshLayer: 0
  m_StaticEditorFlags: 0
  m_IsActive: 1
--- !u!1 &1407398635340092
GameObject:
  m_ObjectHideFlags: 0
  m_CorrespondingSourceObject: {fileID: 0}
  m_PrefabInternal: {fileID: 100100000}
  serializedVersion: 6
  m_Component:
  - component: {fileID: 4070834745371476}
  - component: {fileID: 108854270704636700}
  m_Layer: 0
  m_Name: Directional Light
  m_TagString: Untagged
  m_Icon: {fileID: 0}
  m_NavMeshLayer: 0
  m_StaticEditorFlags: 0
  m_IsActive: 1
--- !u!1 &1411113397483008
GameObject:
  m_ObjectHideFlags: 1
  m_CorrespondingSourceObject: {fileID: 0}
  m_PrefabInternal: {fileID: 100100000}
  serializedVersion: 6
  m_Component:
  - component: {fileID: 4227136500932558}
  m_Layer: 0
  m_Name: Neck2
  m_TagString: Untagged
  m_Icon: {fileID: 0}
  m_NavMeshLayer: 0
  m_StaticEditorFlags: 0
  m_IsActive: 1
--- !u!1 &1417782819528624
GameObject:
  m_ObjectHideFlags: 1
  m_CorrespondingSourceObject: {fileID: 0}
  m_PrefabInternal: {fileID: 100100000}
  serializedVersion: 6
  m_Component:
  - component: {fileID: 4573415921969358}
  m_Layer: 0
  m_Name: Tail1
  m_TagString: Untagged
  m_Icon: {fileID: 0}
  m_NavMeshLayer: 0
  m_StaticEditorFlags: 0
  m_IsActive: 1
--- !u!1 &1437581150208386
GameObject:
  m_ObjectHideFlags: 1
  m_CorrespondingSourceObject: {fileID: 0}
  m_PrefabInternal: {fileID: 100100000}
  serializedVersion: 6
  m_Component:
  - component: {fileID: 4155303838900906}
  m_Layer: 0
  m_Name: LowerLeg2_L 1
  m_TagString: Untagged
  m_Icon: {fileID: 0}
  m_NavMeshLayer: 0
  m_StaticEditorFlags: 0
  m_IsActive: 1
--- !u!1 &1443290723835422
GameObject:
  m_ObjectHideFlags: 1
  m_CorrespondingSourceObject: {fileID: 0}
  m_PrefabInternal: {fileID: 100100000}
  serializedVersion: 6
  m_Component:
  - component: {fileID: 4335104582986626}
  - component: {fileID: 137475206435110358}
  m_Layer: 0
  m_Name: DragonMesh
  m_TagString: Untagged
  m_Icon: {fileID: 0}
  m_NavMeshLayer: 0
  m_StaticEditorFlags: 0
  m_IsActive: 1
--- !u!1 &1448576646892822
GameObject:
  m_ObjectHideFlags: 1
  m_CorrespondingSourceObject: {fileID: 0}
  m_PrefabInternal: {fileID: 100100000}
  serializedVersion: 6
  m_Component:
  - component: {fileID: 4140718702434676}
  m_Layer: 0
  m_Name: Finger2_L
  m_TagString: Untagged
  m_Icon: {fileID: 0}
  m_NavMeshLayer: 0
  m_StaticEditorFlags: 0
  m_IsActive: 1
--- !u!1 &1469793801403746
GameObject:
  m_ObjectHideFlags: 1
  m_CorrespondingSourceObject: {fileID: 0}
  m_PrefabInternal: {fileID: 100100000}
  serializedVersion: 6
  m_Component:
  - component: {fileID: 4091753425520834}
  m_Layer: 0
  m_Name: UpperLeg_L
  m_TagString: Untagged
  m_Icon: {fileID: 0}
  m_NavMeshLayer: 0
  m_StaticEditorFlags: 0
  m_IsActive: 1
--- !u!1 &1470173041261190
GameObject:
  m_ObjectHideFlags: 1
  m_CorrespondingSourceObject: {fileID: 0}
  m_PrefabInternal: {fileID: 100100000}
  serializedVersion: 6
  m_Component:
  - component: {fileID: 4094647122994452}
  m_Layer: 0
  m_Name: WingDetail13_L 1
  m_TagString: Untagged
  m_Icon: {fileID: 0}
  m_NavMeshLayer: 0
  m_StaticEditorFlags: 0
  m_IsActive: 1
--- !u!1 &1473090259533138
GameObject:
  m_ObjectHideFlags: 1
  m_CorrespondingSourceObject: {fileID: 0}
  m_PrefabInternal: {fileID: 100100000}
  serializedVersion: 6
  m_Component:
  - component: {fileID: 4901900398670926}
  m_Layer: 0
  m_Name: LowerArm_L 1
  m_TagString: Untagged
  m_Icon: {fileID: 0}
  m_NavMeshLayer: 0
  m_StaticEditorFlags: 0
  m_IsActive: 1
--- !u!1 &1490741103374032
GameObject:
  m_ObjectHideFlags: 1
  m_CorrespondingSourceObject: {fileID: 0}
  m_PrefabInternal: {fileID: 100100000}
  serializedVersion: 6
  m_Component:
  - component: {fileID: 4761822853607704}
  m_Layer: 0
  m_Name: WingClaw4_L 1
  m_TagString: Untagged
  m_Icon: {fileID: 0}
  m_NavMeshLayer: 0
  m_StaticEditorFlags: 0
  m_IsActive: 1
--- !u!1 &1506894192446952
GameObject:
  m_ObjectHideFlags: 1
  m_CorrespondingSourceObject: {fileID: 0}
  m_PrefabInternal: {fileID: 100100000}
  serializedVersion: 6
  m_Component:
  - component: {fileID: 4146819076591880}
  m_Layer: 0
  m_Name: Wing4_L
  m_TagString: Untagged
  m_Icon: {fileID: 0}
  m_NavMeshLayer: 0
  m_StaticEditorFlags: 0
  m_IsActive: 1
--- !u!1 &1518604700342664
GameObject:
  m_ObjectHideFlags: 1
  m_CorrespondingSourceObject: {fileID: 0}
  m_PrefabInternal: {fileID: 100100000}
  serializedVersion: 6
  m_Component:
  - component: {fileID: 4796536682917090}
  m_Layer: 0
  m_Name: UpperHead2
  m_TagString: Untagged
  m_Icon: {fileID: 0}
  m_NavMeshLayer: 0
  m_StaticEditorFlags: 0
  m_IsActive: 1
--- !u!1 &1534276802603396
GameObject:
  m_ObjectHideFlags: 1
  m_CorrespondingSourceObject: {fileID: 0}
  m_PrefabInternal: {fileID: 100100000}
  serializedVersion: 6
  m_Component:
  - component: {fileID: 4998816066772024}
  m_Layer: 0
  m_Name: Finger1_L
  m_TagString: Untagged
  m_Icon: {fileID: 0}
  m_NavMeshLayer: 0
  m_StaticEditorFlags: 0
  m_IsActive: 1
--- !u!1 &1540051304603528
GameObject:
  m_ObjectHideFlags: 1
  m_CorrespondingSourceObject: {fileID: 0}
  m_PrefabInternal: {fileID: 100100000}
  serializedVersion: 6
  m_Component:
  - component: {fileID: 4700419187084614}
  m_Layer: 0
  m_Name: Tail2
  m_TagString: Untagged
  m_Icon: {fileID: 0}
  m_NavMeshLayer: 0
  m_StaticEditorFlags: 0
  m_IsActive: 1
--- !u!1 &1542882724565074
GameObject:
  m_ObjectHideFlags: 1
  m_CorrespondingSourceObject: {fileID: 0}
  m_PrefabInternal: {fileID: 100100000}
  serializedVersion: 6
  m_Component:
  - component: {fileID: 4679394161108970}
  m_Layer: 0
  m_Name: Wing4_L 1
  m_TagString: Untagged
  m_Icon: {fileID: 0}
  m_NavMeshLayer: 0
  m_StaticEditorFlags: 0
  m_IsActive: 1
--- !u!1 &1561121102309424
GameObject:
  m_ObjectHideFlags: 1
  m_CorrespondingSourceObject: {fileID: 0}
  m_PrefabInternal: {fileID: 100100000}
  serializedVersion: 6
  m_Component:
  - component: {fileID: 4508401534572374}
  m_Layer: 0
  m_Name: Wing1_L1
  m_TagString: Untagged
  m_Icon: {fileID: 0}
  m_NavMeshLayer: 0
  m_StaticEditorFlags: 0
  m_IsActive: 1
--- !u!1 &1579231983080702
GameObject:
  m_ObjectHideFlags: 1
  m_CorrespondingSourceObject: {fileID: 0}
  m_PrefabInternal: {fileID: 100100000}
  serializedVersion: 6
  m_Component:
  - component: {fileID: 4379659114321690}
  m_Layer: 0
  m_Name: WingClaw2_L 1
  m_TagString: Untagged
  m_Icon: {fileID: 0}
  m_NavMeshLayer: 0
  m_StaticEditorFlags: 0
  m_IsActive: 1
--- !u!1 &1581700743381242
GameObject:
  m_ObjectHideFlags: 1
  m_CorrespondingSourceObject: {fileID: 0}
  m_PrefabInternal: {fileID: 100100000}
  serializedVersion: 6
  m_Component:
  - component: {fileID: 4250193874464956}
  m_Layer: 0
  m_Name: LowerLeg_L
  m_TagString: Untagged
  m_Icon: {fileID: 0}
  m_NavMeshLayer: 0
  m_StaticEditorFlags: 0
  m_IsActive: 1
--- !u!1 &1591990007468940
GameObject:
  m_ObjectHideFlags: 1
  m_CorrespondingSourceObject: {fileID: 0}
  m_PrefabInternal: {fileID: 100100000}
  serializedVersion: 6
  m_Component:
  - component: {fileID: 4582189759461064}
  m_Layer: 0
  m_Name: LowerLeg2_L
  m_TagString: Untagged
  m_Icon: {fileID: 0}
  m_NavMeshLayer: 0
  m_StaticEditorFlags: 0
  m_IsActive: 1
--- !u!1 &1596260061305072
GameObject:
  m_ObjectHideFlags: 1
  m_CorrespondingSourceObject: {fileID: 0}
  m_PrefabInternal: {fileID: 100100000}
  serializedVersion: 6
  m_Component:
  - component: {fileID: 4093689424093606}
  m_Layer: 0
  m_Name: WingDetail2_L 1
  m_TagString: Untagged
  m_Icon: {fileID: 0}
  m_NavMeshLayer: 0
  m_StaticEditorFlags: 0
  m_IsActive: 1
--- !u!1 &1603269487078504
GameObject:
  m_ObjectHideFlags: 1
  m_CorrespondingSourceObject: {fileID: 0}
  m_PrefabInternal: {fileID: 100100000}
  serializedVersion: 6
  m_Component:
  - component: {fileID: 4809751694856134}
  m_Layer: 0
  m_Name: WingDetail9_L
  m_TagString: Untagged
  m_Icon: {fileID: 0}
  m_NavMeshLayer: 0
  m_StaticEditorFlags: 0
  m_IsActive: 1
--- !u!1 &1624851477504924
GameObject:
  m_ObjectHideFlags: 1
  m_CorrespondingSourceObject: {fileID: 0}
  m_PrefabInternal: {fileID: 100100000}
  serializedVersion: 6
  m_Component:
  - component: {fileID: 4403102409513378}
  m_Layer: 0
  m_Name: WingDetail11_L 1
  m_TagString: Untagged
  m_Icon: {fileID: 0}
  m_NavMeshLayer: 0
  m_StaticEditorFlags: 0
  m_IsActive: 1
--- !u!1 &1627031475483512
GameObject:
  m_ObjectHideFlags: 0
  m_CorrespondingSourceObject: {fileID: 0}
  m_PrefabInternal: {fileID: 100100000}
  serializedVersion: 6
  m_Component:
  - component: {fileID: 4879582805169630}
  - component: {fileID: 111908317693755252}
  m_Layer: 0
  m_Name: dragon
  m_TagString: Untagged
  m_Icon: {fileID: 0}
  m_NavMeshLayer: 0
  m_StaticEditorFlags: 0
  m_IsActive: 1
--- !u!1 &1630842470582064
GameObject:
  m_ObjectHideFlags: 1
  m_CorrespondingSourceObject: {fileID: 0}
  m_PrefabInternal: {fileID: 100100000}
  serializedVersion: 6
  m_Component:
  - component: {fileID: 4196062632920296}
  m_Layer: 0
  m_Name: Neck3
  m_TagString: Untagged
  m_Icon: {fileID: 0}
  m_NavMeshLayer: 0
  m_StaticEditorFlags: 0
  m_IsActive: 1
--- !u!1 &1656143131591388
GameObject:
  m_ObjectHideFlags: 1
  m_CorrespondingSourceObject: {fileID: 0}
  m_PrefabInternal: {fileID: 100100000}
  serializedVersion: 6
  m_Component:
  - component: {fileID: 4844152583475478}
  m_Layer: 0
  m_Name: UpperHead1
  m_TagString: Untagged
  m_Icon: {fileID: 0}
  m_NavMeshLayer: 0
  m_StaticEditorFlags: 0
  m_IsActive: 1
--- !u!1 &1673281625572042
GameObject:
  m_ObjectHideFlags: 1
  m_CorrespondingSourceObject: {fileID: 0}
  m_PrefabInternal: {fileID: 100100000}
  serializedVersion: 6
  m_Component:
  - component: {fileID: 4173451337003682}
  m_Layer: 0
  m_Name: WingDetail4_L
  m_TagString: Untagged
  m_Icon: {fileID: 0}
  m_NavMeshLayer: 0
  m_StaticEditorFlags: 0
  m_IsActive: 1
--- !u!1 &1700806946103082
GameObject:
  m_ObjectHideFlags: 1
  m_CorrespondingSourceObject: {fileID: 0}
  m_PrefabInternal: {fileID: 100100000}
  serializedVersion: 6
  m_Component:
  - component: {fileID: 4342287704262718}
  m_Layer: 0
  m_Name: Spine1
  m_TagString: Untagged
  m_Icon: {fileID: 0}
  m_NavMeshLayer: 0
  m_StaticEditorFlags: 0
  m_IsActive: 1
--- !u!1 &1703410634039142
GameObject:
  m_ObjectHideFlags: 1
  m_CorrespondingSourceObject: {fileID: 0}
  m_PrefabInternal: {fileID: 100100000}
  serializedVersion: 6
  m_Component:
  - component: {fileID: 4051128548165086}
  m_Layer: 0
  m_Name: WingDetail9_L 1
  m_TagString: Untagged
  m_Icon: {fileID: 0}
  m_NavMeshLayer: 0
  m_StaticEditorFlags: 0
  m_IsActive: 1
--- !u!1 &1726810108443416
GameObject:
  m_ObjectHideFlags: 1
  m_CorrespondingSourceObject: {fileID: 0}
  m_PrefabInternal: {fileID: 100100000}
  serializedVersion: 6
  m_Component:
  - component: {fileID: 4441463155350046}
  m_Layer: 0
  m_Name: Neck4
  m_TagString: Untagged
  m_Icon: {fileID: 0}
  m_NavMeshLayer: 0
  m_StaticEditorFlags: 0
  m_IsActive: 1
--- !u!1 &1737119714043048
GameObject:
  m_ObjectHideFlags: 1
  m_CorrespondingSourceObject: {fileID: 0}
  m_PrefabInternal: {fileID: 100100000}
  serializedVersion: 6
  m_Component:
  - component: {fileID: 4415873291963774}
  m_Layer: 0
  m_Name: WingClaw2_L
  m_TagString: Untagged
  m_Icon: {fileID: 0}
  m_NavMeshLayer: 0
  m_StaticEditorFlags: 0
  m_IsActive: 1
--- !u!1 &1760093291144248
GameObject:
  m_ObjectHideFlags: 1
  m_CorrespondingSourceObject: {fileID: 0}
  m_PrefabInternal: {fileID: 100100000}
  serializedVersion: 6
  m_Component:
  - component: {fileID: 4204957667185328}
  m_Layer: 0
  m_Name: WingDetail4_L 1
  m_TagString: Untagged
  m_Icon: {fileID: 0}
  m_NavMeshLayer: 0
  m_StaticEditorFlags: 0
  m_IsActive: 1
--- !u!1 &1760686635648596
GameObject:
  m_ObjectHideFlags: 1
  m_CorrespondingSourceObject: {fileID: 0}
  m_PrefabInternal: {fileID: 100100000}
  serializedVersion: 6
  m_Component:
  - component: {fileID: 4213771932719672}
  m_Layer: 0
  m_Name: Tail3
  m_TagString: Untagged
  m_Icon: {fileID: 0}
  m_NavMeshLayer: 0
  m_StaticEditorFlags: 0
  m_IsActive: 1
--- !u!1 &1763936749562488
GameObject:
  m_ObjectHideFlags: 1
  m_CorrespondingSourceObject: {fileID: 0}
  m_PrefabInternal: {fileID: 100100000}
  serializedVersion: 6
  m_Component:
  - component: {fileID: 4120391272407822}
  m_Layer: 0
  m_Name: UpperArm_L1
  m_TagString: Untagged
  m_Icon: {fileID: 0}
  m_NavMeshLayer: 0
  m_StaticEditorFlags: 0
  m_IsActive: 1
--- !u!1 &1781091540687432
GameObject:
  m_ObjectHideFlags: 1
  m_CorrespondingSourceObject: {fileID: 0}
  m_PrefabInternal: {fileID: 100100000}
  serializedVersion: 6
  m_Component:
  - component: {fileID: 4055030689075806}
  m_Layer: 0
  m_Name: Hand_L
  m_TagString: Untagged
  m_Icon: {fileID: 0}
  m_NavMeshLayer: 0
  m_StaticEditorFlags: 0
  m_IsActive: 1
--- !u!1 &1782244641516048
GameObject:
  m_ObjectHideFlags: 1
  m_CorrespondingSourceObject: {fileID: 0}
  m_PrefabInternal: {fileID: 100100000}
  serializedVersion: 6
  m_Component:
  - component: {fileID: 4495501144451532}
  m_Layer: 0
  m_Name: Feet_L
  m_TagString: Untagged
  m_Icon: {fileID: 0}
  m_NavMeshLayer: 0
  m_StaticEditorFlags: 0
  m_IsActive: 1
--- !u!1 &1793583336303064
GameObject:
  m_ObjectHideFlags: 1
  m_CorrespondingSourceObject: {fileID: 0}
  m_PrefabInternal: {fileID: 100100000}
  serializedVersion: 6
  m_Component:
  - component: {fileID: 4960226820968304}
  m_Layer: 0
  m_Name: WingDetail12_L
  m_TagString: Untagged
  m_Icon: {fileID: 0}
  m_NavMeshLayer: 0
  m_StaticEditorFlags: 0
  m_IsActive: 1
--- !u!1 &1829020207854548
GameObject:
  m_ObjectHideFlags: 1
  m_CorrespondingSourceObject: {fileID: 0}
  m_PrefabInternal: {fileID: 100100000}
  serializedVersion: 6
  m_Component:
  - component: {fileID: 4000968909033578}
  m_Layer: 0
  m_Name: WingDetail1_L
  m_TagString: Untagged
  m_Icon: {fileID: 0}
  m_NavMeshLayer: 0
  m_StaticEditorFlags: 0
  m_IsActive: 1
--- !u!1 &1830017845779880
GameObject:
  m_ObjectHideFlags: 1
  m_CorrespondingSourceObject: {fileID: 0}
  m_PrefabInternal: {fileID: 100100000}
  serializedVersion: 6
  m_Component:
  - component: {fileID: 4824462596779524}
  m_Layer: 0
  m_Name: UpperLeg_L1
  m_TagString: Untagged
  m_Icon: {fileID: 0}
  m_NavMeshLayer: 0
  m_StaticEditorFlags: 0
  m_IsActive: 1
--- !u!1 &1851969948102376
GameObject:
  m_ObjectHideFlags: 1
  m_CorrespondingSourceObject: {fileID: 0}
  m_PrefabInternal: {fileID: 100100000}
  serializedVersion: 6
  m_Component:
  - component: {fileID: 4147213922646734}
  m_Layer: 0
  m_Name: WingClaw3_L
  m_TagString: Untagged
  m_Icon: {fileID: 0}
  m_NavMeshLayer: 0
  m_StaticEditorFlags: 0
  m_IsActive: 1
--- !u!1 &1853101665866008
GameObject:
  m_ObjectHideFlags: 1
  m_CorrespondingSourceObject: {fileID: 0}
  m_PrefabInternal: {fileID: 100100000}
  serializedVersion: 6
  m_Component:
  - component: {fileID: 4037789777879052}
  m_Layer: 0
  m_Name: Feet_L 1
  m_TagString: Untagged
  m_Icon: {fileID: 0}
  m_NavMeshLayer: 0
  m_StaticEditorFlags: 0
  m_IsActive: 1
--- !u!1 &1855790229872396
GameObject:
  m_ObjectHideFlags: 1
  m_CorrespondingSourceObject: {fileID: 0}
  m_PrefabInternal: {fileID: 100100000}
  serializedVersion: 6
  m_Component:
  - component: {fileID: 4901476931596542}
  m_Layer: 0
  m_Name: WingDetail6_L
  m_TagString: Untagged
  m_Icon: {fileID: 0}
  m_NavMeshLayer: 0
  m_StaticEditorFlags: 0
  m_IsActive: 1
--- !u!1 &1867138765889484
GameObject:
  m_ObjectHideFlags: 1
  m_CorrespondingSourceObject: {fileID: 0}
  m_PrefabInternal: {fileID: 100100000}
  serializedVersion: 6
  m_Component:
  - component: {fileID: 4587362245303836}
  m_Layer: 0
  m_Name: WingDetail1_L 1
  m_TagString: Untagged
  m_Icon: {fileID: 0}
  m_NavMeshLayer: 0
  m_StaticEditorFlags: 0
  m_IsActive: 1
--- !u!1 &1871496525500068
GameObject:
  m_ObjectHideFlags: 1
  m_CorrespondingSourceObject: {fileID: 0}
  m_PrefabInternal: {fileID: 100100000}
  serializedVersion: 6
  m_Component:
  - component: {fileID: 4180085789331794}
  m_Layer: 0
  m_Name: Jaw2
  m_TagString: Untagged
  m_Icon: {fileID: 0}
  m_NavMeshLayer: 0
  m_StaticEditorFlags: 0
  m_IsActive: 1
--- !u!1 &1916948853862098
GameObject:
  m_ObjectHideFlags: 1
  m_CorrespondingSourceObject: {fileID: 0}
  m_PrefabInternal: {fileID: 100100000}
  serializedVersion: 6
  m_Component:
  - component: {fileID: 4282379085676082}
  m_Layer: 0
  m_Name: WingDetail11_L
  m_TagString: Untagged
  m_Icon: {fileID: 0}
  m_NavMeshLayer: 0
  m_StaticEditorFlags: 0
  m_IsActive: 1
--- !u!1 &1928959112349692
GameObject:
  m_ObjectHideFlags: 1
  m_CorrespondingSourceObject: {fileID: 0}
  m_PrefabInternal: {fileID: 100100000}
  serializedVersion: 6
  m_Component:
  - component: {fileID: 4085303264702742}
  m_Layer: 0
  m_Name: WingDetail7_L 1
  m_TagString: Untagged
  m_Icon: {fileID: 0}
  m_NavMeshLayer: 0
  m_StaticEditorFlags: 0
  m_IsActive: 1
--- !u!1 &1929361335434002
GameObject:
  m_ObjectHideFlags: 0
  m_CorrespondingSourceObject: {fileID: 0}
  m_PrefabInternal: {fileID: 100100000}
  serializedVersion: 6
  m_Component:
  - component: {fileID: 4796940273180100}
  m_Layer: 0
  m_Name: shotspawn
  m_TagString: Untagged
  m_Icon: {fileID: 0}
  m_NavMeshLayer: 0
  m_StaticEditorFlags: 0
  m_IsActive: 1
--- !u!1 &1936616299749356
GameObject:
  m_ObjectHideFlags: 1
  m_CorrespondingSourceObject: {fileID: 0}
  m_PrefabInternal: {fileID: 100100000}
  serializedVersion: 6
  m_Component:
  - component: {fileID: 4479609901897310}
  m_Layer: 0
  m_Name: Tail4
  m_TagString: Untagged
  m_Icon: {fileID: 0}
  m_NavMeshLayer: 0
  m_StaticEditorFlags: 0
  m_IsActive: 1
--- !u!1 &1937767616004620
GameObject:
  m_ObjectHideFlags: 1
  m_CorrespondingSourceObject: {fileID: 0}
  m_PrefabInternal: {fileID: 100100000}
  serializedVersion: 6
  m_Component:
  - component: {fileID: 4424935182012746}
  m_Layer: 0
  m_Name: WingDetail8_L
  m_TagString: Untagged
  m_Icon: {fileID: 0}
  m_NavMeshLayer: 0
  m_StaticEditorFlags: 0
  m_IsActive: 1
--- !u!1 &1939676758567878
GameObject:
  m_ObjectHideFlags: 1
  m_CorrespondingSourceObject: {fileID: 0}
  m_PrefabInternal: {fileID: 100100000}
  serializedVersion: 6
  m_Component:
  - component: {fileID: 4101083254382028}
  m_Layer: 0
  m_Name: UpperArm_L
  m_TagString: Untagged
  m_Icon: {fileID: 0}
  m_NavMeshLayer: 0
  m_StaticEditorFlags: 0
  m_IsActive: 1
--- !u!1 &1951642384037380
GameObject:
  m_ObjectHideFlags: 1
  m_CorrespondingSourceObject: {fileID: 0}
  m_PrefabInternal: {fileID: 100100000}
  serializedVersion: 6
  m_Component:
  - component: {fileID: 4057648367439136}
  m_Layer: 0
  m_Name: Toe1_L
  m_TagString: Untagged
  m_Icon: {fileID: 0}
  m_NavMeshLayer: 0
  m_StaticEditorFlags: 0
  m_IsActive: 1
--- !u!1 &1995609502044236
GameObject:
  m_ObjectHideFlags: 1
  m_CorrespondingSourceObject: {fileID: 0}
  m_PrefabInternal: {fileID: 100100000}
  serializedVersion: 6
  m_Component:
  - component: {fileID: 4317440195744316}
  m_Layer: 0
  m_Name: WingDetail13_L
  m_TagString: Untagged
  m_Icon: {fileID: 0}
  m_NavMeshLayer: 0
  m_StaticEditorFlags: 0
  m_IsActive: 1
--- !u!4 &4000968909033578
Transform:
  m_ObjectHideFlags: 1
  m_CorrespondingSourceObject: {fileID: 0}
  m_PrefabInternal: {fileID: 100100000}
  m_GameObject: {fileID: 1829020207854548}
  m_LocalRotation: {x: 0.33641058, y: 0.13393205, z: -0.19352299, w: 0.9118328}
  m_LocalPosition: {x: -33.543175, y: 5.684342e-14, z: 0}
  m_LocalScale: {x: 1, y: 1, z: 1}
  m_Children:
  - {fileID: 4211254782725636}
  m_Father: {fileID: 4146819076591880}
  m_RootOrder: 0
  m_LocalEulerAnglesHint: {x: 41.83582, y: 8.698588, z: -20.79903}
--- !u!4 &4023937742041728
Transform:
  m_ObjectHideFlags: 1
  m_CorrespondingSourceObject: {fileID: 0}
  m_PrefabInternal: {fileID: 100100000}
  m_GameObject: {fileID: 1009022998935180}
  m_LocalRotation: {x: 0.13739158, y: -0.757071, z: 0.37179062, w: 0.51936394}
  m_LocalPosition: {x: -266.09183, y: -2.842171e-14, z: -5.684342e-14}
  m_LocalScale: {x: 1, y: 1, z: 1}
  m_Children:
  - {fileID: 4146819076591880}
  - {fileID: 4288340879504488}
  - {fileID: 4147213922646734}
  m_Father: {fileID: 4915229388587846}
  m_RootOrder: 0
  m_LocalEulerAnglesHint: {x: 36.167477, y: -108.82591, z: 1.4591511}
--- !u!4 &4037789777879052
Transform:
  m_ObjectHideFlags: 1
  m_CorrespondingSourceObject: {fileID: 0}
  m_PrefabInternal: {fileID: 100100000}
  m_GameObject: {fileID: 1853101665866008}
  m_LocalRotation: {x: 0.93180436, y: 0.29173496, z: -0.014200264, w: -0.21547566}
  m_LocalPosition: {x: -68.96023, y: 0, z: -1.7763568e-15}
  m_LocalScale: {x: 1, y: 1, z: 1}
  m_Children:
  - {fileID: 4164154455317756}
  m_Father: {fileID: 4155303838900906}
  m_RootOrder: 0
  m_LocalEulerAnglesHint: {x: -23.822607, y: -170.59248, z: 146.94945}
--- !u!4 &4050228044766090
Transform:
  m_ObjectHideFlags: 1
  m_CorrespondingSourceObject: {fileID: 0}
  m_PrefabInternal: {fileID: 100100000}
  m_GameObject: {fileID: 1190888993620066}
  m_LocalRotation: {x: -0.37307984, y: -0.2758196, z: 0.71232235, w: 0.52662313}
  m_LocalPosition: {x: -127.432434, y: 1.1368684e-13, z: -2.2737368e-13}
  m_LocalScale: {x: 1, y: 1, z: 1}
  m_Children: []
  m_Father: {fileID: 4085303264702742}
  m_RootOrder: 0
  m_LocalEulerAnglesHint: {x: 0, y: -55.286716, z: 107.04862}
--- !u!4 &4051128548165086
Transform:
  m_ObjectHideFlags: 1
  m_CorrespondingSourceObject: {fileID: 0}
  m_PrefabInternal: {fileID: 100100000}
  m_GameObject: {fileID: 1703410634039142}
  m_LocalRotation: {x: 0.8638091, y: 0.36488163, z: -0.28378877, w: -0.20039731}
  m_LocalPosition: {x: 5.712076, y: -41.970695, z: 25.798649}
  m_LocalScale: {x: 1, y: 1, z: 1}
  m_Children:
  - {fileID: 4121684368285752}
  m_Father: {fileID: 4679394161108970}
  m_RootOrder: 2
  m_LocalEulerAnglesHint: {x: -7.9062862, y: -140.14612, z: 131.30157}
--- !u!4 &4053925889051478
Transform:
  m_ObjectHideFlags: 1
  m_CorrespondingSourceObject: {fileID: 0}
  m_PrefabInternal: {fileID: 100100000}
  m_GameObject: {fileID: 1397478489899670}
  m_LocalRotation: {x: 0.22233303, y: 0.072477974, z: 0.10333272, w: 0.9667664}
  m_LocalPosition: {x: -260.21408, y: -1.1368684e-13, z: -1.7763568e-13}
  m_LocalScale: {x: 1, y: 1, z: 1}
  m_Children:
  - {fileID: 4173451337003682}
  m_Father: {fileID: 4211254782725636}
  m_RootOrder: 0
  m_LocalEulerAnglesHint: {x: 24.513615, y: 11.801528, z: 14.774286}
--- !u!4 &4055030689075806
Transform:
  m_ObjectHideFlags: 1
  m_CorrespondingSourceObject: {fileID: 0}
  m_PrefabInternal: {fileID: 100100000}
  m_GameObject: {fileID: 1781091540687432}
  m_LocalRotation: {x: 0.9168559, y: -0.32688925, z: -0.22916228, w: 0.0018573148}
  m_LocalPosition: {x: -86.0716, y: 3.5527137e-15, z: -1.4210855e-14}
  m_LocalScale: {x: 1, y: 1, z: 1}
  m_Children:
  - {fileID: 4998816066772024}
  m_Father: {fileID: 4149420740399702}
  m_RootOrder: 0
  m_LocalEulerAnglesHint: {x: -7.2243843, y: -155.2243, z: -145.00664}
--- !u!4 &4057648367439136
Transform:
  m_ObjectHideFlags: 1
  m_CorrespondingSourceObject: {fileID: 0}
  m_PrefabInternal: {fileID: 100100000}
  m_GameObject: {fileID: 1951642384037380}
  m_LocalRotation: {x: 0.15059216, y: -0.11563994, z: 0.11227677, w: 0.9753683}
  m_LocalPosition: {x: -39.059227, y: -5.684342e-14, z: -8.526513e-14}
  m_LocalScale: {x: 1, y: 1, z: 1}
  m_Children:
  - {fileID: 4660518507380454}
  m_Father: {fileID: 4495501144451532}
  m_RootOrder: 0
  m_LocalEulerAnglesHint: {x: 18.646778, y: -11.676816, z: 11.20955}
--- !u!4 &4070834745371476
Transform:
  m_ObjectHideFlags: 1
  m_CorrespondingSourceObject: {fileID: 0}
  m_PrefabInternal: {fileID: 100100000}
  m_GameObject: {fileID: 1407398635340092}
  m_LocalRotation: {x: 0.35853088, y: 0, z: 0, w: 0.9335179}
  m_LocalPosition: {x: 0, y: 1.91, z: -3.77}
  m_LocalScale: {x: 1, y: 1, z: 1}
  m_Children: []
  m_Father: {fileID: 4462789760913938}
  m_RootOrder: 2
  m_LocalEulerAnglesHint: {x: 42.02, y: 0, z: 0}
--- !u!4 &4080908542591802
Transform:
  m_ObjectHideFlags: 1
  m_CorrespondingSourceObject: {fileID: 0}
  m_PrefabInternal: {fileID: 100100000}
  m_GameObject: {fileID: 1105286422979804}
  m_LocalRotation: {x: 0.78658146, y: 0.057447627, z: 0.087923884, w: 0.608489}
  m_LocalPosition: {x: -11.583005, y: -19.231398, z: -9.519635}
  m_LocalScale: {x: 1, y: 1, z: 1}
  m_Children:
  - {fileID: 4901476931596542}
  m_Father: {fileID: 4146819076591880}
  m_RootOrder: 1
  m_LocalEulerAnglesHint: {x: 71.265854, y: 139.9393, z: 142.43292}
--- !u!4 &4085303264702742
Transform:
  m_ObjectHideFlags: 1
  m_CorrespondingSourceObject: {fileID: 0}
  m_PrefabInternal: {fileID: 100100000}
  m_GameObject: {fileID: 1928959112349692}
  m_LocalRotation: {x: -0.08466496, y: -0.08697633, z: 0.048291385, w: 0.99143076}
  m_LocalPosition: {x: -181.16576, y: -1.1368684e-13, z: 2.842171e-13}
  m_LocalScale: {x: 1, y: 1, z: 1}
  m_Children:
  - {fileID: 4050228044766090}
  m_Father: {fileID: 4821619051996694}
  m_RootOrder: 0
  m_LocalEulerAnglesHint: {x: -9.176625, y: -10.543446, z: 6.42573}
--- !u!4 &4091753425520834
Transform:
  m_ObjectHideFlags: 1
  m_CorrespondingSourceObject: {fileID: 0}
  m_PrefabInternal: {fileID: 100100000}
  m_GameObject: {fileID: 1469793801403746}
  m_LocalRotation: {x: 0.5384281, y: 0.8292447, z: -0.084369004, w: -0.12381581}
  m_LocalPosition: {x: -30.04093, y: -36.489044, z: -80.665306}
  m_LocalScale: {x: 1, y: 1, z: 1}
  m_Children:
  - {fileID: 4250193874464956}
  m_Father: {fileID: 4356490824923294}
  m_RootOrder: 2
  m_LocalEulerAnglesHint: {x: 1.9527047, y: -162.85916, z: 60.454002}
--- !u!4 &4093689424093606
Transform:
  m_ObjectHideFlags: 1
  m_CorrespondingSourceObject: {fileID: 0}
  m_PrefabInternal: {fileID: 100100000}
  m_GameObject: {fileID: 1596260061305072}
  m_LocalRotation: {x: -0.39246178, y: -0.009646905, z: 0.14308916, w: 0.9085187}
  m_LocalPosition: {x: -225.02911, y: 5.684342e-14, z: 0}
  m_LocalScale: {x: 1, y: 1, z: 1}
  m_Children:
  - {fileID: 4701603508344884}
  m_Father: {fileID: 4587362245303836}
  m_RootOrder: 0
  m_LocalEulerAnglesHint: {x: -45.263973, y: -10.630662, z: 22.343416}
--- !u!4 &4094647122994452
Transform:
  m_ObjectHideFlags: 1
  m_CorrespondingSourceObject: {fileID: 0}
  m_PrefabInternal: {fileID: 100100000}
  m_GameObject: {fileID: 1470173041261190}
  m_LocalRotation: {x: -0.37779814, y: -0.29035965, z: 0.697087, w: 0.5357515}
  m_LocalPosition: {x: -87.6793, y: 5.684342e-14, z: 0}
  m_LocalScale: {x: 1, y: 1, z: 1}
  m_Children: []
  m_Father: {fileID: 4192975363299572}
  m_RootOrder: 0
  m_LocalEulerAnglesHint: {x: 0, y: -56.91246, z: 104.91129}
--- !u!4 &4099646560340070
Transform:
  m_ObjectHideFlags: 1
  m_CorrespondingSourceObject: {fileID: 0}
  m_PrefabInternal: {fileID: 100100000}
  m_GameObject: {fileID: 1018132228418172}
  m_LocalRotation: {x: 0.019863576, y: -0.75765276, z: 0.22525188, w: 0.61223316}
  m_LocalPosition: {x: -79.053505, y: -1.1368684e-13, z: 6.3108872e-30}
  m_LocalScale: {x: 1, y: 1, z: 1}
  m_Children:
  - {fileID: 4793365720373840}
  - {fileID: 4101083254382028}
  - {fileID: 4120391272407822}
  m_Father: {fileID: 4563700720022090}
  m_RootOrder: 0
  m_LocalEulerAnglesHint: {x: 23.597822, y: -99.38292, z: 14.902934}
--- !u!4 &4101083254382028
Transform:
  m_ObjectHideFlags: 1
  m_CorrespondingSourceObject: {fileID: 0}
  m_PrefabInternal: {fileID: 100100000}
  m_GameObject: {fileID: 1939676758567878}
  m_LocalRotation: {x: -0.22011063, y: -0.5676236, z: 0.0322727, w: 0.79266214}
  m_LocalPosition: {x: -128.28554, y: 0, z: 1.4210855e-14}
  m_LocalScale: {x: 1, y: 1, z: 1}
  m_Children:
  - {fileID: 4149420740399702}
  m_Father: {fileID: 4099646560340070}
  m_RootOrder: 1
  m_LocalEulerAnglesHint: {x: -18.545704, y: -74.2112, z: 18.082813}
--- !u!4 &4120391272407822
Transform:
  m_ObjectHideFlags: 1
  m_CorrespondingSourceObject: {fileID: 0}
  m_PrefabInternal: {fileID: 100100000}
  m_GameObject: {fileID: 1763936749562488}
  m_LocalRotation: {x: 0.7194511, y: 0.03104103, z: 0.6477327, w: 0.24873471}
  m_LocalPosition: {x: 96.81675, y: -76.18249, z: -35.775417}
  m_LocalScale: {x: 1, y: 1, z: 1}
  m_Children:
  - {fileID: 4901900398670926}
  m_Father: {fileID: 4099646560340070}
  m_RootOrder: 2
  m_LocalEulerAnglesHint: {x: 18.178583, y: 92.281944, z: 157.64465}
--- !u!4 &4121684368285752
Transform:
  m_ObjectHideFlags: 1
  m_CorrespondingSourceObject: {fileID: 0}
  m_PrefabInternal: {fileID: 100100000}
  m_GameObject: {fileID: 1006310560859242}
  m_LocalRotation: {x: 0.12933761, y: -0.16400664, z: -0.08846108, w: 0.9739344}
  m_LocalPosition: {x: -163.36343, y: -4.2632564e-14, z: 0}
  m_LocalScale: {x: 1, y: 1, z: 1}
  m_Children:
  - {fileID: 4403102409513378}
  m_Father: {fileID: 4051128548165086}
  m_RootOrder: 0
  m_LocalEulerAnglesHint: {x: 12.880377, y: -20.559673, z: -12.725345}
--- !u!4 &4140718702434676
Transform:
  m_ObjectHideFlags: 1
  m_CorrespondingSourceObject: {fileID: 0}
  m_PrefabInternal: {fileID: 100100000}
  m_GameObject: {fileID: 1448576646892822}
  m_LocalRotation: {x: -0.011620031, y: -0.59894234, z: -0.015531545, w: 0.8005572}
  m_LocalPosition: {x: -67.24554, y: 1.4210855e-14, z: 1.4210855e-14}
  m_LocalScale: {x: 1, y: 1, z: 1}
  m_Children: []
  m_Father: {fileID: 4998816066772024}
  m_RootOrder: 0
  m_LocalEulerAnglesHint: {x: -2.132466, y: -73.59281, z: -0.6277415}
--- !u!4 &4146819076591880
Transform:
  m_ObjectHideFlags: 1
  m_CorrespondingSourceObject: {fileID: 0}
  m_PrefabInternal: {fileID: 100100000}
  m_GameObject: {fileID: 1506894192446952}
  m_LocalRotation: {x: -0.0013933901, y: 0.015345831, z: -0.5261596, w: 0.85024625}
  m_LocalPosition: {x: -26.825764, y: 0, z: -5.684342e-14}
  m_LocalScale: {x: 1, y: 1, z: 1}
  m_Children:
  - {fileID: 4000968909033578}
  - {fileID: 4080908542591802}
  - {fileID: 4809751694856134}
  m_Father: {fileID: 4023937742041728}
  m_RootOrder: 0
  m_LocalEulerAnglesHint: {x: 0.78951895, y: 1.579524, z: -63.490204}
--- !u!4 &4147213922646734
Transform:
  m_ObjectHideFlags: 1
  m_CorrespondingSourceObject: {fileID: 0}
  m_PrefabInternal: {fileID: 100100000}
  m_GameObject: {fileID: 1851969948102376}
  m_LocalRotation: {x: 0.39400306, y: 0.8962861, z: -0.010057941, w: 0.20330215}
  m_LocalPosition: {x: 32.11093, y: -6.3655286, z: 22.437551}
  m_LocalScale: {x: 1, y: 1, z: 1}
  m_Children:
  - {fileID: 4164405628255736}
  m_Father: {fileID: 4023937742041728}
  m_RootOrder: 2
  m_LocalEulerAnglesHint: {x: 10.266848, y: 158.75792, z: 45.529842}
--- !u!4 &4147940416013242
Transform:
  m_ObjectHideFlags: 1
  m_CorrespondingSourceObject: {fileID: 0}
  m_PrefabInternal: {fileID: 100100000}
  m_GameObject: {fileID: 1284557674182734}
  m_LocalRotation: {x: 0.13994469, y: -0.12519397, z: 0.25181264, w: 0.9493853}
  m_LocalPosition: {x: -84.50278, y: 5.684342e-14, z: 1.7763568e-14}
  m_LocalScale: {x: 1, y: 1, z: 1}
  m_Children:
  - {fileID: 4155303838900906}
  m_Father: {fileID: 4824462596779524}
  m_RootOrder: 0
  m_LocalEulerAnglesHint: {x: 19.207836, y: -10.292367, z: 28.052498}
--- !u!4 &4149420740399702
Transform:
  m_ObjectHideFlags: 1
  m_CorrespondingSourceObject: {fileID: 0}
  m_PrefabInternal: {fileID: 100100000}
  m_GameObject: {fileID: 1125739944725468}
  m_LocalRotation: {x: -0.1509142, y: -0.15009794, z: 0.49849755, w: 0.84035456}
  m_LocalPosition: {x: -103.78716, y: -7.1054274e-14, z: -1.4210855e-14}
  m_LocalScale: {x: 1, y: 1, z: 1}
  m_Children:
  - {fileID: 4055030689075806}
  m_Father: {fileID: 4101083254382028}
  m_RootOrder: 0
  m_LocalEulerAnglesHint: {x: -4.7862163, y: -24.029955, z: 64.25429}
--- !u!4 &4155303838900906
Transform:
  m_ObjectHideFlags: 1
  m_CorrespondingSourceObject: {fileID: 0}
  m_PrefabInternal: {fileID: 100100000}
  m_GameObject: {fileID: 1437581150208386}
  m_LocalRotation: {x: -0.18661523, y: 0.122443214, z: -0.3915305, w: 0.8926849}
  m_LocalPosition: {x: -67.81374, y: 1.1368684e-13, z: -1.4210855e-14}
  m_LocalScale: {x: 1, y: 1, z: 1}
  m_Children:
  - {fileID: 4037789777879052}
  m_Father: {fileID: 4147940416013242}
  m_RootOrder: 0
  m_LocalEulerAnglesHint: {x: -13.52125, y: 22.20447, z: -50.69695}
--- !u!4 &4164154455317756
Transform:
  m_ObjectHideFlags: 1
  m_CorrespondingSourceObject: {fileID: 0}
  m_PrefabInternal: {fileID: 100100000}
  m_GameObject: {fileID: 1395048679280828}
  m_LocalRotation: {x: -0.07595957, y: -0.06502729, z: -0.084604226, w: 0.9913848}
  m_LocalPosition: {x: -39.058754, y: 5.684342e-14, z: -5.684342e-14}
  m_LocalScale: {x: 1, y: 1, z: 1}
  m_Children:
  - {fileID: 4686080701044326}
  m_Father: {fileID: 4037789777879052}
  m_RootOrder: 0
  m_LocalEulerAnglesHint: {x: -9.300562, y: -6.7551928, z: -9.20543}
--- !u!4 &4164405628255736
Transform:
  m_ObjectHideFlags: 1
  m_CorrespondingSourceObject: {fileID: 0}
  m_PrefabInternal: {fileID: 100100000}
  m_GameObject: {fileID: 1181373986450384}
  m_LocalRotation: {x: -0.12823963, y: -0.6953809, z: -0.12823963, w: 0.6953809}
  m_LocalPosition: {x: -51.45187, y: 1.1368684e-13, z: -1.1368684e-13}
  m_LocalScale: {x: 1, y: 1, z: 1}
  m_Children: []
  m_Father: {fileID: 4147213922646734}
  m_RootOrder: 0
  m_LocalEulerAnglesHint: {x: -20.897766, y: -90, z: 0}
--- !u!4 &4173451337003682
Transform:
  m_ObjectHideFlags: 1
  m_CorrespondingSourceObject: {fileID: 0}
  m_PrefabInternal: {fileID: 100100000}
  m_GameObject: {fileID: 1673281625572042}
  m_LocalRotation: {x: -0.24784736, y: 0.44105464, z: -0.4225706, w: 0.75198185}
  m_LocalPosition: {x: -252.72696, y: 0, z: 0}
  m_LocalScale: {x: 1, y: 1, z: 1}
  m_Children: []
  m_Father: {fileID: 4053925889051478}
  m_RootOrder: 0
  m_LocalEulerAnglesHint: {x: 0, y: 60.785202, z: -58.666965}
--- !u!4 &4180085789331794
Transform:
  m_ObjectHideFlags: 1
  m_CorrespondingSourceObject: {fileID: 0}
  m_PrefabInternal: {fileID: 100100000}
  m_GameObject: {fileID: 1871496525500068}
  m_LocalRotation: {x: 2.9863278e-17, y: -3.4936506e-19, z: -0.27907166, w: 0.9602703}
  m_LocalPosition: {x: -42.18259, y: 1.1368684e-13, z: 1.2621774e-28}
  m_LocalScale: {x: 1, y: 1, z: 1}
  m_Children:
  - {fileID: 4697734936055660}
  m_Father: {fileID: 4303436333829222}
  m_RootOrder: 0
  m_LocalEulerAnglesHint: {x: 2.3395518e-15, y: -7.147655e-16, z: -32.74664}
--- !u!4 &4192975363299572
Transform:
  m_ObjectHideFlags: 1
  m_CorrespondingSourceObject: {fileID: 0}
  m_PrefabInternal: {fileID: 100100000}
  m_GameObject: {fileID: 1187859223624964}
  m_LocalRotation: {x: -0.46165478, y: 0.44069904, z: 0.7158312, w: 0.28327528}
  m_LocalPosition: {x: 21.426039, y: -6.0076294, z: 35.501427}
  m_LocalScale: {x: 1, y: 1, z: 1}
  m_Children:
  - {fileID: 4094647122994452}
  m_Father: {fileID: 4389165020684232}
  m_RootOrder: 1
  m_LocalEulerAnglesHint: {x: -63.161552, y: -66.4188, z: 180.78418}
--- !u!4 &4194612858442136
Transform:
  m_ObjectHideFlags: 1
  m_CorrespondingSourceObject: {fileID: 0}
  m_PrefabInternal: {fileID: 100100000}
  m_GameObject: {fileID: 1273908131181682}
  m_LocalRotation: {x: 0.86554974, y: 0.09075343, z: -0.055148643, w: -0.48943454}
  m_LocalPosition: {x: -11.583364, y: -19.231287, z: 9.519343}
  m_LocalScale: {x: 1, y: 1, z: 1}
  m_Children:
  - {fileID: 4821619051996694}
  m_Father: {fileID: 4679394161108970}
  m_RootOrder: 1
  m_LocalEulerAnglesHint: {x: -56.72113, y: -160.58229, z: 157.56296}
--- !u!4 &4196062632920296
Transform:
  m_ObjectHideFlags: 1
  m_CorrespondingSourceObject: {fileID: 0}
  m_PrefabInternal: {fileID: 100100000}
  m_GameObject: {fileID: 1630842470582064}
  m_LocalRotation: {x: 0.9363839, y: -0.3509776, z: 1.1801166e-16, w: 1.0990428e-16}
  m_LocalPosition: {x: -58.223156, y: 1.4210855e-14, z: 2.0119067e-14}
  m_LocalScale: {x: 1, y: 1, z: 1}
  m_Children:
  - {fileID: 4441463155350046}
  m_Father: {fileID: 4227136500932558}
  m_RootOrder: 0
  m_LocalEulerAnglesHint: {x: 1.8486182e-14, y: 180, z: -140.81245}
--- !u!4 &4204957667185328
Transform:
  m_ObjectHideFlags: 1
  m_CorrespondingSourceObject: {fileID: 0}
  m_PrefabInternal: {fileID: 100100000}
  m_GameObject: {fileID: 1760093291144248}
  m_LocalRotation: {x: -0.44105372, y: -0.24784672, z: 0.75198245, w: 0.4225707}
  m_LocalPosition: {x: -252.7272, y: 0, z: -1.1368684e-13}
  m_LocalScale: {x: 1, y: 1, z: 1}
  m_Children: []
  m_Father: {fileID: 4701603508344884}
  m_RootOrder: 0
  m_LocalEulerAnglesHint: {x: 0.0000012734507, y: -60.78506, z: 121.333046}
--- !u!4 &4211254782725636
Transform:
  m_ObjectHideFlags: 1
  m_CorrespondingSourceObject: {fileID: 0}
  m_PrefabInternal: {fileID: 100100000}
  m_GameObject: {fileID: 1150535578154954}
  m_LocalRotation: {x: 0.24478799, y: 0.032019306, z: 0.13979565, w: 0.95891124}
  m_LocalPosition: {x: -225.0294, y: -2.2737368e-13, z: 1.7053026e-13}
  m_LocalScale: {x: 1, y: 1, z: 1}
  m_Children:
  - {fileID: 4053925889051478}
  m_Father: {fileID: 4000968909033578}
  m_RootOrder: 0
  m_LocalEulerAnglesHint: {x: 27.419863, y: 8.411515, z: 18.644484}
--- !u!4 &4213771932719672
Transform:
  m_ObjectHideFlags: 1
  m_CorrespondingSourceObject: {fileID: 0}
  m_PrefabInternal: {fileID: 100100000}
  m_GameObject: {fileID: 1760686635648596}
  m_LocalRotation: {x: 3.590883e-18, y: 8.3831195e-17, z: -0.049484298, w: 0.99877495}
  m_LocalPosition: {x: -119.89572, y: -5.684342e-14, z: -3.1564442e-14}
  m_LocalScale: {x: 1, y: 1, z: 1}
  m_Children:
  - {fileID: 4479609901897310}
  m_Father: {fileID: 4700419187084614}
  m_RootOrder: 0
  m_LocalEulerAnglesHint: {x: 6.9785393e-16, y: 2.7131139e-15, z: -3.5132897}
--- !u!4 &4217207918271734
Transform:
  m_ObjectHideFlags: 1
  m_CorrespondingSourceObject: {fileID: 0}
  m_PrefabInternal: {fileID: 100100000}
  m_GameObject: {fileID: 1113974450193942}
  m_LocalRotation: {x: -0.48452333, y: 0.5992726, z: -0.27277642, w: -0.5759362}
  m_LocalPosition: {x: -8.539243, y: 58.626728, z: -101.44277}
  m_LocalScale: {x: 1, y: 1, z: 1}
  m_Children:
  - {fileID: 4915229388587846}
  m_Father: {fileID: 4563700720022090}
  m_RootOrder: 1
  m_LocalEulerAnglesHint: {x: 50.442528, y: -121.653244, z: -48.249207}
--- !u!4 &4227136500932558
Transform:
  m_ObjectHideFlags: 1
  m_CorrespondingSourceObject: {fileID: 0}
  m_PrefabInternal: {fileID: 100100000}
  m_GameObject: {fileID: 1411113397483008}
  m_LocalRotation: {x: -5.2688487e-17, y: -1.0939091e-17, z: -0.54315, w: 0.83963567}
  m_LocalPosition: {x: -66.73839, y: 7.1054274e-15, z: 1.2167823e-14}
  m_LocalScale: {x: 1, y: 1, z: 1}
  m_Children:
  - {fileID: 4196062632920296}
  m_Father: {fileID: 4793365720373840}
  m_RootOrder: 0
  m_LocalEulerAnglesHint: {x: -5.4137603e-15, y: 1.8461392e-15, z: -63.399143}
--- !u!4 &4250193874464956
Transform:
  m_ObjectHideFlags: 1
  m_CorrespondingSourceObject: {fileID: 0}
  m_PrefabInternal: {fileID: 100100000}
  m_GameObject: {fileID: 1581700743381242}
  m_LocalRotation: {x: -0.13994555, y: -0.1252013, z: -0.25182176, w: 0.94938177}
  m_LocalPosition: {x: -84.50221, y: -1.7053026e-13, z: 2.4868996e-14}
  m_LocalScale: {x: 1, y: 1, z: 1}
  m_Children:
  - {fileID: 4582189759461064}
  m_Father: {fileID: 4091753425520834}
  m_RootOrder: 0
  m_LocalEulerAnglesHint: {x: -19.208239, y: -10.293017, z: -28.053493}
--- !u!4 &4282379085676082
Transform:
  m_ObjectHideFlags: 1
  m_CorrespondingSourceObject: {fileID: 0}
  m_PrefabInternal: {fileID: 100100000}
  m_GameObject: {fileID: 1916948853862098}
  m_LocalRotation: {x: -0.29095215, y: 0.26165652, z: -0.68425983, w: 0.61536264}
  m_LocalPosition: {x: -179.44737, y: -5.684342e-14, z: 1.1368684e-13}
  m_LocalScale: {x: 1, y: 1, z: 1}
  m_Children: []
  m_Father: {fileID: 4909890914386908}
  m_RootOrder: 0
  m_LocalEulerAnglesHint: {x: -0.0000038203525, y: 46.07108, z: -96.06919}
--- !u!4 &4288340879504488
Transform:
  m_ObjectHideFlags: 1
  m_CorrespondingSourceObject: {fileID: 0}
  m_PrefabInternal: {fileID: 100100000}
  m_GameObject: {fileID: 1163615081172636}
  m_LocalRotation: {x: -0.10425308, y: 0.45713696, z: -0.5607463, w: 0.6824373}
  m_LocalPosition: {x: 14.921639, y: 35.448944, z: 26.28962}
  m_LocalScale: {x: 1, y: 1, z: 1}
  m_Children:
  - {fileID: 4415873291963774}
  m_Father: {fileID: 4023937742041728}
  m_RootOrder: 1
  m_LocalEulerAnglesHint: {x: 21.739258, y: 52.899456, z: -67.90513}
--- !u!4 &4292316857307930
Transform:
  m_ObjectHideFlags: 1
  m_CorrespondingSourceObject: {fileID: 0}
  m_PrefabInternal: {fileID: 100100000}
  m_GameObject: {fileID: 1123667929997688}
  m_LocalRotation: {x: -0.10296572, y: 0.73259145, z: 0.35819775, w: 0.56956315}
  m_LocalPosition: {x: -266.09174, y: 5.684342e-14, z: 1.1368684e-13}
  m_LocalScale: {x: 1, y: 1, z: 1}
  m_Children:
  - {fileID: 4679394161108970}
  - {fileID: 4520219093186944}
  - {fileID: 4800377112574932}
  m_Father: {fileID: 4389165020684232}
  m_RootOrder: 0
  m_LocalEulerAnglesHint: {x: -31.764935, y: 100.738625, z: 6.012049}
--- !u!4 &4303436333829222
Transform:
  m_ObjectHideFlags: 1
  m_CorrespondingSourceObject: {fileID: 0}
  m_PrefabInternal: {fileID: 100100000}
  m_GameObject: {fileID: 1028970036681112}
  m_LocalRotation: {x: 1.48793e-16, y: -1.1054246e-17, z: 0.11263797, w: 0.99363613}
  m_LocalPosition: {x: -21.32469, y: -5.684342e-14, z: -4.72344e-15}
  m_LocalScale: {x: 1, y: 1, z: 1}
  m_Children:
  - {fileID: 4180085789331794}
  m_Father: {fileID: 4624969667094292}
  m_RootOrder: 0
  m_LocalEulerAnglesHint: {x: 1.2082203e-14, y: 4.4634084e-16, z: 12.3439245}
--- !u!4 &4309559777103296
Transform:
  m_ObjectHideFlags: 1
  m_CorrespondingSourceObject: {fileID: 0}
  m_PrefabInternal: {fileID: 100100000}
  m_GameObject: {fileID: 1028623073877900}
  m_LocalRotation: {x: -0.11914547, y: -0.0066532013, z: 0.08979272, w: 0.9887858}
  m_LocalPosition: {x: -33.337803, y: -2.1316282e-14, z: 5.5422333e-13}
  m_LocalScale: {x: 1, y: 1, z: 1}
  m_Children:
  - {fileID: 4465027094495558}
  m_Father: {fileID: 4881115598959070}
  m_RootOrder: 0
  m_LocalEulerAnglesHint: {x: -13.557664, y: -2.0369744, z: 10.619875}
--- !u!4 &4317440195744316
Transform:
  m_ObjectHideFlags: 1
  m_CorrespondingSourceObject: {fileID: 0}
  m_PrefabInternal: {fileID: 100100000}
  m_GameObject: {fileID: 1995609502044236}
  m_LocalRotation: {x: -0.29035994, y: 0.3778016, z: -0.5357478, w: 0.69708776}
  m_LocalPosition: {x: -87.67976, y: -5.684342e-14, z: -5.684342e-14}
  m_LocalScale: {x: 1, y: 1, z: 1}
  m_Children: []
  m_Father: {fileID: 4960226820968304}
  m_RootOrder: 0
  m_LocalEulerAnglesHint: {x: 0.0000025469014, y: 56.912846, z: -75.08826}
--- !u!4 &4335104582986626
Transform:
  m_ObjectHideFlags: 1
  m_CorrespondingSourceObject: {fileID: 0}
  m_PrefabInternal: {fileID: 100100000}
  m_GameObject: {fileID: 1443290723835422}
  m_LocalRotation: {x: 0, y: 0, z: 0, w: 1}
  m_LocalPosition: {x: 0, y: 0, z: 0}
  m_LocalScale: {x: 0.01, y: 0.01, z: 0.01}
  m_Children: []
  m_Father: {fileID: 4879582805169630}
  m_RootOrder: 1
  m_LocalEulerAnglesHint: {x: 0, y: 0, z: 0}
--- !u!4 &4342287704262718
Transform:
  m_ObjectHideFlags: 1
  m_CorrespondingSourceObject: {fileID: 0}
  m_PrefabInternal: {fileID: 100100000}
  m_GameObject: {fileID: 1700806946103082}
  m_LocalRotation: {x: -3.1721523e-17, y: -1.6957828e-18, z: -0.30138382, w: 0.95350295}
  m_LocalPosition: {x: -85.63839, y: -1.1368684e-13, z: 0}
  m_LocalScale: {x: 1, y: 1, z: 1}
  m_Children:
  - {fileID: 4563700720022090}
  m_Father: {fileID: 4356490824923294}
  m_RootOrder: 0
  m_LocalEulerAnglesHint: {x: -4.929437e-15, y: 1.4875207e-15, z: -31.426874}
--- !u!4 &4356490824923294
Transform:
  m_ObjectHideFlags: 1
  m_CorrespondingSourceObject: {fileID: 0}
  m_PrefabInternal: {fileID: 100100000}
  m_GameObject: {fileID: 1116047298463098}
  m_LocalRotation: {x: 0.20192973, y: 0.677661, z: 0.20192973, w: 0.677661}
  m_LocalPosition: {x: 2.5243548e-31, y: 0, z: -2.1}
  m_LocalScale: {x: 0.01, y: 0.01, z: 0.01}
  m_Children:
  - {fileID: 4342287704262718}
  - {fileID: 4573415921969358}
  - {fileID: 4091753425520834}
  - {fileID: 4824462596779524}
  m_Father: {fileID: 4879582805169630}
  m_RootOrder: 0
  m_LocalEulerAnglesHint: {x: 0, y: 90, z: 31.731712}
--- !u!4 &4379659114321690
Transform:
  m_ObjectHideFlags: 1
  m_CorrespondingSourceObject: {fileID: 0}
  m_PrefabInternal: {fileID: 100100000}
  m_GameObject: {fileID: 1579231983080702}
  m_LocalRotation: {x: -0.17664294, y: 0.70912105, z: -0.627849, w: 0.26786238}
  m_LocalPosition: {x: -110.46464, y: -9.947598e-14, z: 1.1368684e-13}
  m_LocalScale: {x: 1, y: 1, z: 1}
  m_Children: []
  m_Father: {fileID: 4520219093186944}
  m_RootOrder: 0
  m_LocalEulerAnglesHint: {x: 52.731815, y: 96.45819, z: -75.73549}
--- !u!4 &4389165020684232
Transform:
  m_ObjectHideFlags: 1
  m_CorrespondingSourceObject: {fileID: 0}
  m_PrefabInternal: {fileID: 100100000}
  m_GameObject: {fileID: 1147757695700396}
  m_LocalRotation: {x: 0.34752, y: -0.22632267, z: 0.08453048, w: 0.9060146}
  m_LocalPosition: {x: -162.46873, y: 1.1368684e-13, z: 8.348877e-14}
  m_LocalScale: {x: 1, y: 1, z: 1}
  m_Children:
  - {fileID: 4292316857307930}
  - {fileID: 4192975363299572}
  m_Father: {fileID: 4508401534572374}
  m_RootOrder: 0
  m_LocalEulerAnglesHint: {x: 41.506256, y: -28.909864, z: -0.14492145}
--- !u!4 &4403102409513378
Transform:
  m_ObjectHideFlags: 1
  m_CorrespondingSourceObject: {fileID: 0}
  m_PrefabInternal: {fileID: 100100000}
  m_GameObject: {fileID: 1624851477504924}
  m_LocalRotation: {x: -0.2616555, y: -0.29095152, z: 0.6153623, w: 0.68426085}
  m_LocalPosition: {x: -179.44754, y: 0, z: -2.2737368e-13}
  m_LocalScale: {x: 1, y: 1, z: 1}
  m_Children: []
  m_Father: {fileID: 4121684368285752}
  m_RootOrder: 0
  m_LocalEulerAnglesHint: {x: -0.0000025469014, y: -46.070934, z: 83.930695}
--- !u!4 &4415873291963774
Transform:
  m_ObjectHideFlags: 1
  m_CorrespondingSourceObject: {fileID: 0}
  m_PrefabInternal: {fileID: 100100000}
  m_GameObject: {fileID: 1737119714043048}
  m_LocalRotation: {x: 0.574172, y: -0.2800934, z: -0.15653174, w: 0.753241}
  m_LocalPosition: {x: -110.46454, y: -9.947598e-14, z: -8.526513e-14}
  m_LocalScale: {x: 1, y: 1, z: 1}
  m_Children: []
  m_Father: {fileID: 4288340879504488}
  m_RootOrder: 0
  m_LocalEulerAnglesHint: {x: 51.01337, y: -73.01848, z: -62.382423}
--- !u!4 &4424935182012746
Transform:
  m_ObjectHideFlags: 1
  m_CorrespondingSourceObject: {fileID: 0}
  m_PrefabInternal: {fileID: 100100000}
  m_GameObject: {fileID: 1937767616004620}
  m_LocalRotation: {x: -0.27581787, y: 0.37307882, z: -0.5266224, w: 0.712324}
  m_LocalPosition: {x: -127.43274, y: 1.1368684e-13, z: 0}
  m_LocalScale: {x: 1, y: 1, z: 1}
  m_Children: []
  m_Father: {fileID: 4931069342739714}
  m_RootOrder: 0
  m_LocalEulerAnglesHint: {x: -0.0000012734507, y: 55.286484, z: -72.951164}
--- !u!4 &4441463155350046
Transform:
  m_ObjectHideFlags: 1
  m_CorrespondingSourceObject: {fileID: 0}
  m_PrefabInternal: {fileID: 100100000}
  m_GameObject: {fileID: 1726810108443416}
  m_LocalRotation: {x: 0.94029844, y: -0.34035125, z: -7.6613376e-17, w: 3.7306345e-17}
  m_LocalPosition: {x: -61.302383, y: 0, z: 1.0784942e-15}
  m_LocalScale: {x: 1, y: 1, z: 1}
  m_Children:
  - {fileID: 4624969667094292}
  m_Father: {fileID: 4196062632920296}
  m_RootOrder: 0
  m_LocalEulerAnglesHint: {x: 9.357526e-16, y: -180, z: -140.79579}
--- !u!4 &4462789760913938
Transform:
  m_ObjectHideFlags: 1
  m_CorrespondingSourceObject: {fileID: 0}
  m_PrefabInternal: {fileID: 100100000}
  m_GameObject: {fileID: 1129943969355230}
  m_LocalRotation: {x: 0, y: 0, z: 0, w: 1}
  m_LocalPosition: {x: 0, y: 0, z: 0}
  m_LocalScale: {x: 0.8, y: 0.8, z: 0.8}
  m_Children:
  - {fileID: 4879582805169630}
  - {fileID: 4796940273180100}
  - {fileID: 4070834745371476}
  m_Father: {fileID: 0}
  m_RootOrder: 0
  m_LocalEulerAnglesHint: {x: 0, y: 0, z: 0}
--- !u!4 &4465027094495558
Transform:
  m_ObjectHideFlags: 1
  m_CorrespondingSourceObject: {fileID: 0}
  m_PrefabInternal: {fileID: 100100000}
  m_GameObject: {fileID: 1089342362792362}
  m_LocalRotation: {x: -0.015531116, y: 0.8005579, z: 0.011619683, w: 0.59894145}
  m_LocalPosition: {x: -67.245544, y: -3.5527137e-14, z: 0}
  m_LocalScale: {x: 1, y: 1, z: 1}
  m_Children: []
  m_Father: {fileID: 4309559777103296}
  m_RootOrder: 0
  m_LocalEulerAnglesHint: {x: -2.1324046, y: 106.407295, z: -0.627728}
--- !u!4 &4479609901897310
Transform:
  m_ObjectHideFlags: 1
  m_CorrespondingSourceObject: {fileID: 0}
  m_PrefabInternal: {fileID: 100100000}
  m_GameObject: {fileID: 1936616299749356}
  m_LocalRotation: {x: 1.00325345e-17, y: 1.3058064e-16, z: -0.10201612, w: 0.99478275}
  m_LocalPosition: {x: -114.10793, y: 5.684342e-14, z: -3.3462152e-14}
  m_LocalScale: {x: 1, y: 1, z: 1}
  m_Children:
  - {fileID: 4495132319570332}
  m_Father: {fileID: 4213771932719672}
  m_RootOrder: 0
  m_LocalEulerAnglesHint: {x: 7.288788e-16, y: 6.2550444e-15, z: -11.022278}
--- !u!4 &4495132319570332
Transform:
  m_ObjectHideFlags: 1
  m_CorrespondingSourceObject: {fileID: 0}
  m_PrefabInternal: {fileID: 100100000}
  m_GameObject: {fileID: 1000754927722246}
  m_LocalRotation: {x: 0.0781622, y: 0.7027736, z: -0.0781622, w: 0.7027736}
  m_LocalPosition: {x: -102.22086, y: 5.684342e-14, z: -3.5639145e-14}
  m_LocalScale: {x: 1, y: 1, z: 1}
  m_Children: []
  m_Father: {fileID: 4479609901897310}
  m_RootOrder: 0
  m_LocalEulerAnglesHint: {x: 12.692662, y: 90, z: 0}
--- !u!4 &4495501144451532
Transform:
  m_ObjectHideFlags: 1
  m_CorrespondingSourceObject: {fileID: 0}
  m_PrefabInternal: {fileID: 100100000}
  m_GameObject: {fileID: 1782244641516048}
  m_LocalRotation: {x: 0.81491804, y: -0.27208155, z: -0.106232606, w: 0.5005946}
  m_LocalPosition: {x: -68.96059, y: -1.1368684e-13, z: 7.1054274e-15}
  m_LocalScale: {x: 1, y: 1, z: 1}
  m_Children:
  - {fileID: 4057648367439136}
  m_Father: {fileID: 4582189759461064}
  m_RootOrder: 0
  m_LocalEulerAnglesHint: {x: 51.66201, y: -138.61046, z: -126.47433}
--- !u!4 &4508401534572374
Transform:
  m_ObjectHideFlags: 1
  m_CorrespondingSourceObject: {fileID: 0}
  m_PrefabInternal: {fileID: 100100000}
  m_GameObject: {fileID: 1561121102309424}
  m_LocalRotation: {x: -0.48182514, y: 0.58797187, z: 0.2776957, w: 0.587383}
  m_LocalPosition: {x: -8.539214, y: 58.62677, z: 101.443}
  m_LocalScale: {x: 1, y: 1, z: 1}
  m_Children:
  - {fileID: 4389165020684232}
  m_Father: {fileID: 4563700720022090}
  m_RootOrder: 2
  m_LocalEulerAnglesHint: {x: -51.69529, y: 119.62997, z: -46.82245}
--- !u!4 &4520219093186944
Transform:
  m_ObjectHideFlags: 1
  m_CorrespondingSourceObject: {fileID: 0}
  m_PrefabInternal: {fileID: 100100000}
  m_GameObject: {fileID: 1365646517319860}
  m_LocalRotation: {x: 0.6729578, y: -0.52573097, z: 0.4970095, w: -0.15400137}
  m_LocalPosition: {x: 14.921069, y: 35.44838, z: -26.289967}
  m_LocalScale: {x: 1, y: 1, z: 1}
  m_Children:
  - {fileID: 4379659114321690}
  m_Father: {fileID: 4292316857307930}
  m_RootOrder: 1
  m_LocalEulerAnglesHint: {x: 18.379757, y: 118.89319, z: -114.91486}
--- !u!4 &4563700720022090
Transform:
  m_ObjectHideFlags: 1
  m_CorrespondingSourceObject: {fileID: 0}
  m_PrefabInternal: {fileID: 100100000}
  m_GameObject: {fileID: 1157826349929202}
  m_LocalRotation: {x: 0, y: 0, z: -0.06072818, w: 0.99815434}
  m_LocalPosition: {x: -99.4941, y: 2.842171e-14, z: 0}
  m_LocalScale: {x: 1, y: 1, z: 1}
  m_Children:
  - {fileID: 4099646560340070}
  - {fileID: 4217207918271734}
  - {fileID: 4508401534572374}
  m_Father: {fileID: 4342287704262718}
  m_RootOrder: 0
  m_LocalEulerAnglesHint: {x: 0, y: 0, z: 0}
--- !u!4 &4573415921969358
Transform:
  m_ObjectHideFlags: 1
  m_CorrespondingSourceObject: {fileID: 0}
  m_PrefabInternal: {fileID: 100100000}
  m_GameObject: {fileID: 1417782819528624}
  m_LocalRotation: {x: 0.4657655, y: 0.8849082, z: -2.5665088e-17, w: -8.270491e-17}
  m_LocalPosition: {x: 35.70328, y: -66.72, z: -2.524355e-29}
  m_LocalScale: {x: 1, y: 1, z: 1}
  m_Children:
  - {fileID: 4700419187084614}
  m_Father: {fileID: 4356490824923294}
  m_RootOrder: 1
  m_LocalEulerAnglesHint: {x: -1.9982375e-15, y: -180, z: 51.08915}
--- !u!4 &4582189759461064
Transform:
  m_ObjectHideFlags: 1
  m_CorrespondingSourceObject: {fileID: 0}
  m_PrefabInternal: {fileID: 100100000}
  m_GameObject: {fileID: 1591990007468940}
  m_LocalRotation: {x: 0.18661232, y: 0.122446254, z: 0.39154848, w: 0.8926772}
  m_LocalPosition: {x: -67.814064, y: 1.1368684e-13, z: 2.842171e-14}
  m_LocalScale: {x: 1, y: 1, z: 1}
  m_Children:
  - {fileID: 4495501144451532}
  m_Father: {fileID: 4250193874464956}
  m_RootOrder: 0
  m_LocalEulerAnglesHint: {x: 13.520364, y: 22.204884, z: 50.699158}
--- !u!4 &4587362245303836
Transform:
  m_ObjectHideFlags: 1
  m_CorrespondingSourceObject: {fileID: 0}
  m_PrefabInternal: {fileID: 100100000}
  m_GameObject: {fileID: 1867138765889484}
  m_LocalRotation: {x: -0.28439125, y: -0.17444734, z: -0.17681663, w: 0.9259728}
  m_LocalPosition: {x: -33.54294, y: 2.842171e-13, z: 5.684342e-14}
  m_LocalScale: {x: 1, y: 1, z: 1}
  m_Children:
  - {fileID: 4093689424093606}
  m_Father: {fileID: 4679394161108970}
  m_RootOrder: 0
  m_LocalEulerAnglesHint: {x: -36.217136, y: -15.935824, z: -16.539312}
--- !u!4 &4624969667094292
Transform:
  m_ObjectHideFlags: 1
  m_CorrespondingSourceObject: {fileID: 0}
  m_PrefabInternal: {fileID: 100100000}
  m_GameObject: {fileID: 1350400963393406}
  m_LocalRotation: {x: 1.2812231e-16, y: -6.067591e-16, z: 0.33794147, w: 0.9411671}
  m_LocalPosition: {x: -61.999096, y: 1.5987212e-14, z: -2.9588674e-17}
  m_LocalScale: {x: 1, y: 1, z: 1}
  m_Children:
  - {fileID: 4303436333829222}
  - {fileID: 4844152583475478}
  m_Father: {fileID: 4441463155350046}
  m_RootOrder: 0
  m_LocalEulerAnglesHint: {x: 5.2097036e-14, y: -4.9428042e-14, z: 41.172302}
--- !u!4 &4660518507380454
Transform:
  m_ObjectHideFlags: 1
  m_CorrespondingSourceObject: {fileID: 0}
  m_PrefabInternal: {fileID: 100100000}
  m_GameObject: {fileID: 1271001334185912}
  m_LocalRotation: {x: -0.025992, y: -0.610221, z: -0.0336959, w: 0.79108745}
  m_LocalPosition: {x: -33.275696, y: -2.6645353e-14, z: -2.842171e-14}
  m_LocalScale: {x: 1, y: 1, z: 1}
  m_Children: []
  m_Father: {fileID: 4057648367439136}
  m_RootOrder: 0
  m_LocalEulerAnglesHint: {x: -4.717778, y: -75.23988, z: -1.2413796}
--- !u!4 &4679394161108970
Transform:
  m_ObjectHideFlags: 1
  m_CorrespondingSourceObject: {fileID: 0}
  m_PrefabInternal: {fileID: 100100000}
  m_GameObject: {fileID: 1542882724565074}
  m_LocalRotation: {x: 0.0013915832, y: -0.015326517, z: -0.52616304, w: 0.85024446}
  m_LocalPosition: {x: -26.825998, y: 1.1368684e-13, z: -1.7053026e-13}
  m_LocalScale: {x: 1, y: 1, z: 1}
  m_Children:
  - {fileID: 4587362245303836}
  - {fileID: 4194612858442136}
  - {fileID: 4051128548165086}
  m_Father: {fileID: 4292316857307930}
  m_RootOrder: 0
  m_LocalEulerAnglesHint: {x: -0.7885382, y: -1.5775284, z: -63.49068}
--- !u!4 &4686080701044326
Transform:
  m_ObjectHideFlags: 1
  m_CorrespondingSourceObject: {fileID: 0}
  m_PrefabInternal: {fileID: 100100000}
  m_GameObject: {fileID: 1328076902309334}
  m_LocalRotation: {x: -0.03369587, y: 0.79108995, z: 0.025991755, w: 0.61021775}
  m_LocalPosition: {x: -33.276173, y: -3.5527137e-15, z: 0}
  m_LocalScale: {x: 1, y: 1, z: 1}
  m_Children: []
  m_Father: {fileID: 4164154455317756}
  m_RootOrder: 0
  m_LocalEulerAnglesHint: {x: -4.7177486, y: 104.76058, z: -1.2414129}
--- !u!4 &4697734936055660
Transform:
  m_ObjectHideFlags: 1
  m_CorrespondingSourceObject: {fileID: 0}
  m_PrefabInternal: {fileID: 100100000}
  m_GameObject: {fileID: 1031024854659018}
  m_LocalRotation: {x: -0.017661126, y: -0.70688623, z: -0.017661126, w: 0.70688623}
  m_LocalPosition: {x: -39.05581, y: 5.684342e-14, z: 6.1062474e-15}
  m_LocalScale: {x: 1, y: 1, z: 1}
  m_Children: []
  m_Father: {fileID: 4180085789331794}
  m_RootOrder: 0
  m_LocalEulerAnglesHint: {x: -2.8624067, y: -90, z: 0}
--- !u!4 &4700419187084614
Transform:
  m_ObjectHideFlags: 1
  m_CorrespondingSourceObject: {fileID: 0}
  m_PrefabInternal: {fileID: 100100000}
  m_GameObject: {fileID: 1540051304603528}
  m_LocalRotation: {x: 9.654719e-18, y: -4.1211036e-18, z: -0.10230399, w: 0.9947532}
  m_LocalPosition: {x: -114.22459, y: 0, z: -2.5362953e-14}
  m_LocalScale: {x: 1, y: 1, z: 1}
  m_Children:
  - {fileID: 4213771932719672}
  m_Father: {fileID: 4573415921969358}
  m_RootOrder: 0
  m_LocalEulerAnglesHint: {x: 2.681988e-16, y: -1.7852278e-15, z: -12.955949}
--- !u!4 &4701603508344884
Transform:
  m_ObjectHideFlags: 1
  m_CorrespondingSourceObject: {fileID: 0}
  m_PrefabInternal: {fileID: 100100000}
  m_GameObject: {fileID: 1406279617223542}
  m_LocalRotation: {x: -0.22233568, y: -0.07247964, z: 0.103334144, w: 0.9667655}
  m_LocalPosition: {x: -260.21402, y: 0, z: -1.4210855e-14}
  m_LocalScale: {x: 1, y: 1, z: 1}
  m_Children:
  - {fileID: 4204957667185328}
  m_Father: {fileID: 4093689424093606}
  m_RootOrder: 0
  m_LocalEulerAnglesHint: {x: -24.513882, y: -11.80183, z: 14.774553}
--- !u!4 &4761822853607704
Transform:
  m_ObjectHideFlags: 1
  m_CorrespondingSourceObject: {fileID: 0}
  m_PrefabInternal: {fileID: 100100000}
  m_GameObject: {fileID: 1490741103374032}
  m_LocalRotation: {x: 0.69538087, y: -0.12823983, z: 0.69538087, w: 0.12823983}
  m_LocalPosition: {x: -51.4519, y: 1.1368684e-13, z: 0}
  m_LocalScale: {x: 1, y: 1, z: 1}
  m_Children: []
  m_Father: {fileID: 4800377112574932}
  m_RootOrder: 0
  m_LocalEulerAnglesHint: {x: 20.897797, y: 90, z: 180}
--- !u!4 &4793365720373840
Transform:
  m_ObjectHideFlags: 1
  m_CorrespondingSourceObject: {fileID: 0}
  m_PrefabInternal: {fileID: 100100000}
  m_GameObject: {fileID: 1178830046031004}
  m_LocalRotation: {x: 0.3069792, y: 0.69296175, z: 0.059072927, w: 0.6496754}
  m_LocalPosition: {x: -19.113583, y: -74.35541, z: 38.073586}
  m_LocalScale: {x: 1, y: 1, z: 1}
  m_Children:
  - {fileID: 4227136500932558}
  m_Father: {fileID: 4099646560340070}
  m_RootOrder: 0
  m_LocalEulerAnglesHint: {x: 18.481785, y: 99.030464, z: 18.11103}
--- !u!4 &4796536682917090
Transform:
  m_ObjectHideFlags: 1
  m_CorrespondingSourceObject: {fileID: 0}
  m_PrefabInternal: {fileID: 100100000}
  m_GameObject: {fileID: 1518604700342664}
  m_LocalRotation: {x: 0.08378388, y: -0.70212555, z: 0.08378388, w: 0.70212555}
  m_LocalPosition: {x: -63.5455, y: 1.1368684e-13, z: 1.4109936e-14}
  m_LocalScale: {x: 1, y: 1, z: 1}
  m_Children: []
  m_Father: {fileID: 4844152583475478}
  m_RootOrder: 0
  m_LocalEulerAnglesHint: {x: 13.60973, y: -90, z: 0}
--- !u!4 &4796940273180100
Transform:
  m_ObjectHideFlags: 1
  m_CorrespondingSourceObject: {fileID: 0}
  m_PrefabInternal: {fileID: 100100000}
  m_GameObject: {fileID: 1929361335434002}
  m_LocalRotation: {x: 0, y: 0, z: 0, w: 1}
  m_LocalPosition: {x: 0, y: 0, z: 3.82}
  m_LocalScale: {x: 1, y: 1, z: 1}
  m_Children: []
  m_Father: {fileID: 4462789760913938}
  m_RootOrder: 1
  m_LocalEulerAnglesHint: {x: 0, y: 0, z: 0}
--- !u!4 &4800377112574932
Transform:
  m_ObjectHideFlags: 1
  m_CorrespondingSourceObject: {fileID: 0}
  m_PrefabInternal: {fileID: 100100000}
  m_GameObject: {fileID: 1341729005652814}
  m_LocalRotation: {x: 0.39400598, y: 0.89628303, z: 0.010059093, w: -0.2033099}
  m_LocalPosition: {x: 32.11034, y: -6.3660064, z: -22.438166}
  m_LocalScale: {x: 1, y: 1, z: 1}
  m_Children:
  - {fileID: 4761822853607704}
  m_Father: {fileID: 4292316857307930}
  m_RootOrder: 2
  m_LocalEulerAnglesHint: {x: -10.267391, y: -158.75714, z: 45.530125}
--- !u!4 &4809751694856134
Transform:
  m_ObjectHideFlags: 1
  m_CorrespondingSourceObject: {fileID: 0}
  m_PrefabInternal: {fileID: 100100000}
  m_GameObject: {fileID: 1603269487078504}
  m_LocalRotation: {x: 0.84149927, y: 0.3248806, z: 0.33640856, w: 0.27048287}
  m_LocalPosition: {x: 5.7123017, y: -41.970207, z: -25.798738}
  m_LocalScale: {x: 1, y: 1, z: 1}
  m_Children:
  - {fileID: 4909890914386908}
  m_Father: {fileID: 4146819076591880}
  m_RootOrder: 2
  m_LocalEulerAnglesHint: {x: 13.614974, y: 130.36298, z: 131.43942}
--- !u!4 &4821619051996694
Transform:
  m_ObjectHideFlags: 1
  m_CorrespondingSourceObject: {fileID: 0}
  m_PrefabInternal: {fileID: 100100000}
  m_GameObject: {fileID: 1101582028643110}
  m_LocalRotation: {x: 0.025383288, y: -0.13302891, z: -0.007779192, w: 0.9907566}
  m_LocalPosition: {x: -202.69545, y: 1.1368684e-13, z: -5.684342e-14}
  m_LocalScale: {x: 1, y: 1, z: 1}
  m_Children:
  - {fileID: 4085303264702742}
  m_Father: {fileID: 4194612858442136}
  m_RootOrder: 0
  m_LocalEulerAnglesHint: {x: 2.764311, y: -15.325421, z: -1.2717155}
--- !u!4 &4824462596779524
Transform:
  m_ObjectHideFlags: 1
  m_CorrespondingSourceObject: {fileID: 0}
  m_PrefabInternal: {fileID: 100100000}
  m_GameObject: {fileID: 1830017845779880}
  m_LocalRotation: {x: -0.1238108, y: -0.084367454, z: 0.8292456, w: 0.538428}
  m_LocalPosition: {x: -30.041368, y: -36.489075, z: 80.6653}
  m_LocalScale: {x: 1, y: 1, z: 1}
  m_Children:
  - {fileID: 4147940416013242}
  m_Father: {fileID: 4356490824923294}
  m_RootOrder: 3
  m_LocalEulerAnglesHint: {x: 1.9528186, y: -17.140238, z: 119.546036}
--- !u!4 &4844152583475478
Transform:
  m_ObjectHideFlags: 1
  m_CorrespondingSourceObject: {fileID: 0}
  m_PrefabInternal: {fileID: 100100000}
  m_GameObject: {fileID: 1656143131591388}
  m_LocalRotation: {x: 7.7811656e-17, y: 2.5876153e-17, z: -0.059366137, w: 0.9982363}
  m_LocalPosition: {x: -13.090375, y: 43.08755, z: -3.568598e-15}
  m_LocalScale: {x: 1, y: 1, z: 1}
  m_Children:
  - {fileID: 4796536682917090}
  m_Father: {fileID: 4624969667094292}
  m_RootOrder: 1
  m_LocalEulerAnglesHint: {x: 6.416036e-15, y: 1.7298963e-15, z: -6.241733}
--- !u!4 &4879582805169630
Transform:
  m_ObjectHideFlags: 1
  m_CorrespondingSourceObject: {fileID: 0}
  m_PrefabInternal: {fileID: 100100000}
  m_GameObject: {fileID: 1627031475483512}
  m_LocalRotation: {x: -0, y: -0, z: -0, w: 1}
  m_LocalPosition: {x: 0, y: -3.3, z: 0}
  m_LocalScale: {x: 0.5, y: 0.5, z: 0.5}
  m_Children:
  - {fileID: 4356490824923294}
  - {fileID: 4335104582986626}
  m_Father: {fileID: 4462789760913938}
  m_RootOrder: 0
  m_LocalEulerAnglesHint: {x: 0, y: 0, z: 0}
--- !u!4 &4881115598959070
Transform:
  m_ObjectHideFlags: 1
  m_CorrespondingSourceObject: {fileID: 0}
  m_PrefabInternal: {fileID: 100100000}
  m_GameObject: {fileID: 1042010825493048}
  m_LocalRotation: {x: 0.9168547, y: 0.32687923, z: -0.22918135, w: -0.0018391865}
  m_LocalPosition: {x: -86.071815, y: -2.4868996e-14, z: -1.4210855e-14}
  m_LocalScale: {x: 1, y: 1, z: 1}
  m_Children:
  - {fileID: 4309559777103296}
  m_Father: {fileID: 4901900398670926}
  m_RootOrder: 0
  m_LocalEulerAnglesHint: {x: 7.226678, y: -155.22275, z: 145.00832}
--- !u!4 &4901476931596542
Transform:
  m_ObjectHideFlags: 1
  m_CorrespondingSourceObject: {fileID: 0}
  m_PrefabInternal: {fileID: 100100000}
  m_GameObject: {fileID: 1855790229872396}
  m_LocalRotation: {x: -0.02538405, y: 0.13302918, z: -0.0077794, w: 0.9907565}
  m_LocalPosition: {x: -202.69582, y: 1.1368684e-13, z: 5.684342e-14}
  m_LocalScale: {x: 1, y: 1, z: 1}
  m_Children:
  - {fileID: 4931069342739714}
  m_Father: {fileID: 4080908542591802}
  m_RootOrder: 0
  m_LocalEulerAnglesHint: {x: -2.7643921, y: 15.325454, z: -1.2717543}
--- !u!4 &4901900398670926
Transform:
  m_ObjectHideFlags: 1
  m_CorrespondingSourceObject: {fileID: 0}
  m_PrefabInternal: {fileID: 100100000}
  m_GameObject: {fileID: 1473090259533138}
  m_LocalRotation: {x: 0.15093173, y: -0.15011506, z: -0.49849227, w: 0.84035146}
  m_LocalPosition: {x: -103.787285, y: 2.842171e-14, z: 1.4210855e-14}
  m_LocalScale: {x: 1, y: 1, z: 1}
  m_Children:
  - {fileID: 4881115598959070}
  m_Father: {fileID: 4120391272407822}
  m_RootOrder: 0
  m_LocalEulerAnglesHint: {x: 4.7868557, y: -24.032774, z: -64.25419}
--- !u!4 &4909890914386908
Transform:
  m_ObjectHideFlags: 1
  m_CorrespondingSourceObject: {fileID: 0}
  m_PrefabInternal: {fileID: 100100000}
  m_GameObject: {fileID: 1214265379231696}
  m_LocalRotation: {x: -0.1293383, y: 0.16400409, z: -0.088461556, w: 0.9739347}
  m_LocalPosition: {x: -163.36377, y: 1.1368684e-13, z: 0}
  m_LocalScale: {x: 1, y: 1, z: 1}
  m_Children:
  - {fileID: 4282379085676082}
  m_Father: {fileID: 4809751694856134}
  m_RootOrder: 0
  m_LocalEulerAnglesHint: {x: -12.880477, y: 20.55939, z: -12.725384}
--- !u!4 &4915229388587846
Transform:
  m_ObjectHideFlags: 1
  m_CorrespondingSourceObject: {fileID: 0}
  m_PrefabInternal: {fileID: 100100000}
  m_GameObject: {fileID: 1080664668963706}
  m_LocalRotation: {x: -0.34057054, y: 0.27014697, z: 0.10208261, w: 0.89476895}
  m_LocalPosition: {x: -162.46858, y: 1.4210855e-14, z: 2.220446e-14}
  m_LocalScale: {x: 1, y: 1, z: 1}
  m_Children:
  - {fileID: 4023937742041728}
  - {fileID: 4960226820968304}
  m_Father: {fileID: 4217207918271734}
  m_RootOrder: 0
  m_LocalEulerAnglesHint: {x: -41.39576, y: 32.85273, z: 0.12768488}
--- !u!4 &4931069342739714
Transform:
  m_ObjectHideFlags: 1
  m_CorrespondingSourceObject: {fileID: 0}
  m_PrefabInternal: {fileID: 100100000}
  m_GameObject: {fileID: 1115834231936854}
  m_LocalRotation: {x: 0.08466386, y: 0.0869787, z: 0.048290946, w: 0.99143064}
  m_LocalPosition: {x: -181.16531, y: -1.1368684e-13, z: -1.1368684e-13}
  m_LocalScale: {x: 1, y: 1, z: 1}
  m_Children:
  - {fileID: 4424935182012746}
  m_Father: {fileID: 4901476931596542}
  m_RootOrder: 0
  m_LocalEulerAnglesHint: {x: 9.176488, y: 10.543712, z: 6.425688}
--- !u!4 &4960226820968304
Transform:
  m_ObjectHideFlags: 1
  m_CorrespondingSourceObject: {fileID: 0}
  m_PrefabInternal: {fileID: 100100000}
  m_GameObject: {fileID: 1793583336303064}
  m_LocalRotation: {x: 0.46428955, y: -0.4409875, z: 0.7143699, w: 0.28220722}
  m_LocalPosition: {x: 21.426249, y: -6.0073767, z: -35.500988}
  m_LocalScale: {x: 1, y: 1, z: 1}
  m_Children:
  - {fileID: 4317440195744316}
  m_Father: {fileID: 4915229388587846}
  m_RootOrder: 1
  m_LocalEulerAnglesHint: {x: 63.126034, y: 67.21992, z: -178.57834}
--- !u!4 &4998816066772024
Transform:
  m_ObjectHideFlags: 1
  m_CorrespondingSourceObject: {fileID: 0}
  m_PrefabInternal: {fileID: 100100000}
  m_GameObject: {fileID: 1534276802603396}
  m_LocalRotation: {x: 0.1205652, y: -0.033044055, z: -0.18986027, w: 0.9738199}
  m_LocalPosition: {x: -33.337685, y: -7.1054274e-15, z: 8.100187e-13}
  m_LocalScale: {x: 1, y: 1, z: 1}
  m_Children:
  - {fileID: 4140718702434676}
  m_Father: {fileID: 4055030689075806}
  m_RootOrder: 0
  m_LocalEulerAnglesHint: {x: 12.8424015, y: -6.4862514, z: -22.795242}
--- !u!54 &54956524446295106
Rigidbody:
  m_ObjectHideFlags: 1
  m_CorrespondingSourceObject: {fileID: 0}
  m_PrefabInternal: {fileID: 100100000}
  m_GameObject: {fileID: 1129943969355230}
  serializedVersion: 2
  m_Mass: 1
  m_Drag: 0
  m_AngularDrag: 0.05
  m_UseGravity: 0
  m_IsKinematic: 0
  m_Interpolate: 0
  m_Constraints: 0
  m_CollisionDetection: 0
--- !u!65 &65685125164582356
BoxCollider:
  m_ObjectHideFlags: 1
  m_CorrespondingSourceObject: {fileID: 0}
  m_PrefabInternal: {fileID: 100100000}
  m_GameObject: {fileID: 1129943969355230}
  m_Material: {fileID: 0}
  m_IsTrigger: 1
  m_Enabled: 1
  serializedVersion: 2
  m_Size: {x: 11.06, y: 2.5, z: 4.17}
  m_Center: {x: 0, y: 0.62, z: -0.45}
--- !u!82 &82280726442983860
AudioSource:
  m_ObjectHideFlags: 1
  m_CorrespondingSourceObject: {fileID: 0}
  m_PrefabInternal: {fileID: 100100000}
  m_GameObject: {fileID: 1129943969355230}
  m_Enabled: 1
  serializedVersion: 4
  OutputAudioMixerGroup: {fileID: 0}
  m_audioClip: {fileID: 8300000, guid: 0097f014f9c10294d87ad9bed6ad70e7, type: 3}
  m_PlayOnAwake: 1
  m_Volume: 0.3
  m_Pitch: 0.74
  Loop: 0
  Mute: 0
  Spatialize: 0
  SpatializePostEffects: 0
  Priority: 128
  DopplerLevel: 1
  MinDistance: 1
  MaxDistance: 500
  Pan2D: 0
  rolloffMode: 0
  BypassEffects: 1
  BypassListenerEffects: 0
  BypassReverbZones: 0
  rolloffCustomCurve:
    serializedVersion: 2
    m_Curve:
    - serializedVersion: 3
      time: 0
      value: 1
      inSlope: 0
      outSlope: 0
      tangentMode: 0
      weightedMode: 0
      inWeight: 0.33333334
      outWeight: 0.33333334
    - serializedVersion: 3
      time: 1
      value: 0
      inSlope: 0
      outSlope: 0
      tangentMode: 0
      weightedMode: 0
      inWeight: 0.33333334
      outWeight: 0.33333334
    m_PreInfinity: 2
    m_PostInfinity: 2
    m_RotationOrder: 4
  panLevelCustomCurve:
    serializedVersion: 2
    m_Curve:
    - serializedVersion: 3
      time: 0
      value: 0
      inSlope: 0
      outSlope: 0
      tangentMode: 0
      weightedMode: 0
      inWeight: 0.33333334
      outWeight: 0.33333334
    m_PreInfinity: 2
    m_PostInfinity: 2
    m_RotationOrder: 4
  spreadCustomCurve:
    serializedVersion: 2
    m_Curve:
    - serializedVersion: 3
      time: 0
      value: 0
      inSlope: 0
      outSlope: 0
      tangentMode: 0
      weightedMode: 0
      inWeight: 0.33333334
      outWeight: 0.33333334
    m_PreInfinity: 2
    m_PostInfinity: 2
    m_RotationOrder: 4
  reverbZoneMixCustomCurve:
    serializedVersion: 2
    m_Curve:
    - serializedVersion: 3
      time: 0
      value: 1
      inSlope: 0
      outSlope: 0
      tangentMode: 0
      weightedMode: 0
      inWeight: 0.33333334
      outWeight: 0.33333334
    m_PreInfinity: 2
    m_PostInfinity: 2
    m_RotationOrder: 4
--- !u!108 &108854270704636700
Light:
  m_ObjectHideFlags: 1
  m_CorrespondingSourceObject: {fileID: 0}
  m_PrefabInternal: {fileID: 100100000}
  m_GameObject: {fileID: 1407398635340092}
  m_Enabled: 1
  serializedVersion: 8
  m_Type: 1
  m_Color: {r: 1, g: 1, b: 1, a: 1}
  m_Intensity: 1
  m_Range: 10
  m_SpotAngle: 30
  m_CookieSize: 10
  m_Shadows:
    m_Type: 0
    m_Resolution: -1
    m_CustomResolution: -1
    m_Strength: 1
    m_Bias: 0.05
    m_NormalBias: 0.4
    m_NearPlane: 0.2
  m_Cookie: {fileID: 0}
  m_DrawHalo: 0
  m_Flare: {fileID: 0}
  m_RenderMode: 0
  m_CullingMask:
    serializedVersion: 2
    m_Bits: 4294967295
  m_Lightmapping: 4
  m_LightShadowCasterMode: 0
  m_AreaSize: {x: 1, y: 1}
  m_BounceIntensity: 1
  m_ColorTemperature: 6570
  m_UseColorTemperature: 0
  m_ShadowRadius: 0
  m_ShadowAngle: 0
--- !u!111 &111908317693755252
Animation:
  m_ObjectHideFlags: 1
  m_CorrespondingSourceObject: {fileID: 0}
  m_PrefabInternal: {fileID: 100100000}
  m_GameObject: {fileID: 1627031475483512}
  m_Enabled: 1
  serializedVersion: 3
  m_Animation: {fileID: 7400000, guid: d1facc13bc40c14408f2106cf788a7fd, type: 3}
  m_Animations:
  - {fileID: 7400000, guid: d1facc13bc40c14408f2106cf788a7fd, type: 3}
  m_WrapMode: 0
  m_PlayAutomatically: 1
  m_AnimatePhysics: 0
  m_CullingType: 0
--- !u!137 &137475206435110358
SkinnedMeshRenderer:
  m_ObjectHideFlags: 1
  m_CorrespondingSourceObject: {fileID: 0}
  m_PrefabInternal: {fileID: 100100000}
  m_GameObject: {fileID: 1443290723835422}
  m_Enabled: 1
  m_CastShadows: 1
  m_ReceiveShadows: 1
  m_DynamicOccludee: 1
  m_MotionVectors: 1
  m_LightProbeUsage: 1
  m_ReflectionProbeUsage: 1
  m_RenderingLayerMask: 4294967295
  m_Materials:
  - {fileID: 2100000, guid: 3cf5d93e63ceca94da9ffb40a6ed68ed, type: 2}
  m_StaticBatchInfo:
    firstSubMesh: 0
    subMeshCount: 0
  m_StaticBatchRoot: {fileID: 0}
  m_ProbeAnchor: {fileID: 0}
  m_LightProbeVolumeOverride: {fileID: 0}
  m_ScaleInLightmap: 1
  m_PreserveUVs: 0
  m_IgnoreNormalsForChartDetection: 0
  m_ImportantGI: 0
  m_StitchLightmapSeams: 0
  m_SelectedEditorRenderState: 3
  m_MinimumChartSize: 4
  m_AutoUVMaxDistance: 0.5
  m_AutoUVMaxAngle: 89
  m_LightmapParameters: {fileID: 0}
  m_SortingLayerID: 0
  m_SortingLayer: 0
  m_SortingOrder: 0
  serializedVersion: 2
  m_Quality: 0
  m_UpdateWhenOffscreen: 0
  m_SkinnedMotionVectors: 1
  m_Mesh: {fileID: 4300000, guid: 3fa06637f7751b44b8e63a9964b181a6, type: 3}
  m_Bones:
  - {fileID: 4356490824923294}
  - {fileID: 4342287704262718}
  - {fileID: 4563700720022090}
  - {fileID: 4099646560340070}
  - {fileID: 4101083254382028}
  - {fileID: 4149420740399702}
  - {fileID: 4055030689075806}
  - {fileID: 4998816066772024}
  - {fileID: 4140718702434676}
  - {fileID: 4793365720373840}
  - {fileID: 4227136500932558}
  - {fileID: 4196062632920296}
  - {fileID: 4441463155350046}
  - {fileID: 4624969667094292}
  - {fileID: 4303436333829222}
  - {fileID: 4180085789331794}
  - {fileID: 4697734936055660}
  - {fileID: 4844152583475478}
  - {fileID: 4796536682917090}
  - {fileID: 4120391272407822}
  - {fileID: 4901900398670926}
  - {fileID: 4881115598959070}
  - {fileID: 4309559777103296}
  - {fileID: 4465027094495558}
  - {fileID: 4217207918271734}
  - {fileID: 4915229388587846}
  - {fileID: 4023937742041728}
  - {fileID: 4146819076591880}
  - {fileID: 4000968909033578}
  - {fileID: 4211254782725636}
  - {fileID: 4053925889051478}
  - {fileID: 4173451337003682}
  - {fileID: 4080908542591802}
  - {fileID: 4901476931596542}
  - {fileID: 4931069342739714}
  - {fileID: 4424935182012746}
  - {fileID: 4809751694856134}
  - {fileID: 4909890914386908}
  - {fileID: 4282379085676082}
  - {fileID: 4288340879504488}
  - {fileID: 4415873291963774}
  - {fileID: 4147213922646734}
  - {fileID: 4164405628255736}
  - {fileID: 4960226820968304}
  - {fileID: 4317440195744316}
  - {fileID: 4508401534572374}
  - {fileID: 4389165020684232}
  - {fileID: 4292316857307930}
  - {fileID: 4679394161108970}
  - {fileID: 4587362245303836}
  - {fileID: 4093689424093606}
  - {fileID: 4701603508344884}
  - {fileID: 4204957667185328}
  - {fileID: 4194612858442136}
  - {fileID: 4821619051996694}
  - {fileID: 4085303264702742}
  - {fileID: 4050228044766090}
  - {fileID: 4051128548165086}
  - {fileID: 4121684368285752}
  - {fileID: 4403102409513378}
  - {fileID: 4520219093186944}
  - {fileID: 4379659114321690}
  - {fileID: 4800377112574932}
  - {fileID: 4761822853607704}
  - {fileID: 4192975363299572}
  - {fileID: 4094647122994452}
  - {fileID: 4091753425520834}
  - {fileID: 4250193874464956}
  - {fileID: 4582189759461064}
  - {fileID: 4495501144451532}
  - {fileID: 4057648367439136}
  - {fileID: 4660518507380454}
  - {fileID: 4573415921969358}
  - {fileID: 4700419187084614}
  - {fileID: 4213771932719672}
  - {fileID: 4479609901897310}
  - {fileID: 4495132319570332}
  - {fileID: 4824462596779524}
  - {fileID: 4147940416013242}
  - {fileID: 4155303838900906}
  - {fileID: 4037789777879052}
  - {fileID: 4164154455317756}
  - {fileID: 4686080701044326}
  m_BlendShapeWeights: []
  m_RootBone: {fileID: 4356490824923294}
  m_AABB:
    m_Center: {x: 58.695984, y: 18.95456, z: 0.58447266}
    m_Extent: {x: 502.86066, y: 504.02463, z: 633.1132}
  m_DirtyAABB: 0
