%YAML 1.1
%TAG !u! tag:unity3d.com,2011:
--- !u!1 &6662707066990048257
GameObject:
  m_ObjectHideFlags: 0
  m_CorrespondingSourceObject: {fileID: 0}
  m_PrefabInstance: {fileID: 0}
  m_PrefabAsset: {fileID: 0}
  serializedVersion: 6
  m_Component:
  - component: {fileID: 6662707066989881825}
  m_Layer: 0
  m_Name: Middle
  m_TagString: Untagged
  m_Icon: {fileID: 0}
  m_NavMeshLayer: 0
  m_StaticEditorFlags: 0
  m_IsActive: 1
--- !u!4 &6662707066989881825
Transform:
  m_ObjectHideFlags: 0
  m_CorrespondingSourceObject: {fileID: 0}
  m_PrefabInstance: {fileID: 0}
  m_PrefabAsset: {fileID: 0}
  m_GameObject: {fileID: 6662707066990048257}
  m_LocalRotation: {x: -0.14070539, y: 0.98953104, z: -0.011754218, w: 0.029869085}
  m_LocalPosition: {x: 1.2665718, y: 0.36426893, z: -3.3084646e-16}
  m_LocalScale: {x: 1, y: 1, z: 1}
  m_Children:
  - {fileID: 6662707066989881831}
  m_Father: {fileID: 6662707066989881853}
  m_RootOrder: 1
  m_LocalEulerAnglesHint: {x: 0, y: 0, z: 0}
--- !u!1 &6662707066990048259
GameObject:
  m_ObjectHideFlags: 0
  m_CorrespondingSourceObject: {fileID: 0}
  m_PrefabInstance: {fileID: 0}
  m_PrefabAsset: {fileID: 0}
  serializedVersion: 6
  m_Component:
  - component: {fileID: 6662707066989881827}
  m_Layer: 0
  m_Name: Left_Front_Foot
  m_TagString: Untagged
  m_Icon: {fileID: 0}
  m_NavMeshLayer: 0
  m_StaticEditorFlags: 0
  m_IsActive: 1
--- !u!4 &6662707066989881827
Transform:
  m_ObjectHideFlags: 0
  m_CorrespondingSourceObject: {fileID: 0}
  m_PrefabInstance: {fileID: 0}
  m_PrefabAsset: {fileID: 0}
  m_GameObject: {fileID: 6662707066990048259}
  m_LocalRotation: {x: -0.18291414, y: 0.1497654, z: 0.6830391, w: 0.6910646}
  m_LocalPosition: {x: 0.6370128, y: 0.5978397, z: -1.863727}
  m_LocalScale: {x: 1, y: 1, z: 1}
  m_Children:
  - {fileID: 6662707066989881763}
  m_Father: {fileID: 6662707066989881749}
  m_RootOrder: 1
  m_LocalEulerAnglesHint: {x: -27.219603, y: -2.7638602, z: 90}
--- !u!1 &6662707066990048261
GameObject:
  m_ObjectHideFlags: 0
  m_CorrespondingSourceObject: {fileID: 0}
  m_PrefabInstance: {fileID: 0}
  m_PrefabAsset: {fileID: 0}
  serializedVersion: 6
  m_Component:
  - component: {fileID: 6662707066989881829}
  m_Layer: 0
  m_Name: middle .2
  m_TagString: Untagged
  m_Icon: {fileID: 0}
  m_NavMeshLayer: 0
  m_StaticEditorFlags: 0
  m_IsActive: 1
--- !u!4 &6662707066989881829
Transform:
  m_ObjectHideFlags: 0
  m_CorrespondingSourceObject: {fileID: 0}
  m_PrefabInstance: {fileID: 0}
  m_PrefabAsset: {fileID: 0}
  m_GameObject: {fileID: 6662707066990048261}
  m_LocalRotation: {x: 0.666707, y: 1.4267709e-15, z: 0.74531996, w: -1.2671619e-15}
  m_LocalPosition: {x: 3.552714e-17, y: -8.881784e-18, z: -1.4210854e-16}
  m_LocalScale: {x: 1, y: 1, z: 1}
  m_Children:
  - {fileID: 6662707066989881743}
  - {fileID: 6662707066989881819}
  - {fileID: 6662707066989881821}
  - {fileID: 6662707066989881843}
  - {fileID: 6662707066989881845}
  m_Father: {fileID: 6662707066989881831}
  m_RootOrder: 0
  m_LocalEulerAnglesHint: {x: -2.1866658e-13, y: 83.62682, z: 180}
--- !u!1 &6662707066990048263
GameObject:
  m_ObjectHideFlags: 0
  m_CorrespondingSourceObject: {fileID: 0}
  m_PrefabInstance: {fileID: 0}
  m_PrefabAsset: {fileID: 0}
  serializedVersion: 6
  m_Component:
  - component: {fileID: 6662707066989881831}
  m_Layer: 0
  m_Name: 'middle '
  m_TagString: Untagged
  m_Icon: {fileID: 0}
  m_NavMeshLayer: 0
  m_StaticEditorFlags: 0
  m_IsActive: 1
--- !u!4 &6662707066989881831
Transform:
  m_ObjectHideFlags: 0
  m_CorrespondingSourceObject: {fileID: 0}
  m_PrefabInstance: {fileID: 0}
  m_PrefabAsset: {fileID: 0}
  m_GameObject: {fileID: 6662707066990048263}
  m_LocalRotation: {x: -0.04960252, y: 0.70693415, z: -0.7053649, w: 0.015625201}
  m_LocalPosition: {x: -1.4210854e-16, y: 1.4210854e-16, z: -5.3290704e-17}
  m_LocalScale: {x: 1, y: 1, z: 1}
  m_Children:
  - {fileID: 6662707066989881829}
  m_Father: {fileID: 6662707066989881825}
  m_RootOrder: 0
  m_LocalEulerAnglesHint: {x: 84.7113, y: 92.75629, z: -90.00004}
--- !u!1 &6662707066990048265
GameObject:
  m_ObjectHideFlags: 0
  m_CorrespondingSourceObject: {fileID: 0}
  m_PrefabInstance: {fileID: 0}
  m_PrefabAsset: {fileID: 0}
  serializedVersion: 6
  m_Component:
  - component: {fileID: 6662707066989881833}
  m_Layer: 0
  m_Name: Null.4
  m_TagString: Untagged
  m_Icon: {fileID: 0}
  m_NavMeshLayer: 0
  m_StaticEditorFlags: 0
  m_IsActive: 1
--- !u!4 &6662707066989881833
Transform:
  m_ObjectHideFlags: 0
  m_CorrespondingSourceObject: {fileID: 0}
  m_PrefabInstance: {fileID: 0}
  m_PrefabAsset: {fileID: 0}
  m_GameObject: {fileID: 6662707066990048265}
  m_LocalRotation: {x: 0, y: -0, z: -0, w: 1}
  m_LocalPosition: {x: -0, y: 0, z: 0}
  m_LocalScale: {x: 1, y: 1, z: 1}
  m_Children: []
  m_Father: {fileID: 6662707066989881733}
  m_RootOrder: 1
  m_LocalEulerAnglesHint: {x: 0, y: 0, z: 0}
--- !u!1 &6662707066990048267
GameObject:
  m_ObjectHideFlags: 0
  m_CorrespondingSourceObject: {fileID: 0}
  m_PrefabInstance: {fileID: 0}
  m_PrefabAsset: {fileID: 0}
  serializedVersion: 6
  m_Component:
  - component: {fileID: 6662707066989881835}
  m_Layer: 0
  m_Name: Null
  m_TagString: Untagged
  m_Icon: {fileID: 0}
  m_NavMeshLayer: 0
  m_StaticEditorFlags: 0
  m_IsActive: 1
--- !u!4 &6662707066989881835
Transform:
  m_ObjectHideFlags: 0
  m_CorrespondingSourceObject: {fileID: 0}
  m_PrefabInstance: {fileID: 0}
  m_PrefabAsset: {fileID: 0}
  m_GameObject: {fileID: 6662707066990048267}
  m_LocalRotation: {x: 0, y: -0, z: -0, w: 1}
  m_LocalPosition: {x: -0, y: 0, z: 0}
  m_LocalScale: {x: 1, y: 1, z: 1}
  m_Children: []
  m_Father: {fileID: 6662707066989881733}
  m_RootOrder: 0
  m_LocalEulerAnglesHint: {x: 0, y: 0, z: 0}
--- !u!1 &6662707066990048269
GameObject:
  m_ObjectHideFlags: 0
  m_CorrespondingSourceObject: {fileID: 0}
  m_PrefabInstance: {fileID: 0}
  m_PrefabAsset: {fileID: 0}
  serializedVersion: 6
  m_Component:
  - component: {fileID: 6662707066989881837}
  m_Layer: 0
  m_Name: Righr rear foot.2
  m_TagString: Untagged
  m_Icon: {fileID: 0}
  m_NavMeshLayer: 0
  m_StaticEditorFlags: 0
  m_IsActive: 1
--- !u!4 &6662707066989881837
Transform:
  m_ObjectHideFlags: 0
  m_CorrespondingSourceObject: {fileID: 0}
  m_PrefabInstance: {fileID: 0}
  m_PrefabAsset: {fileID: 0}
  m_GameObject: {fileID: 6662707066990048269}
  m_LocalRotation: {x: -0.0693953, y: -0.56555897, z: 0.10008394, w: 0.8156658}
  m_LocalPosition: {x: 0.006765662, y: 0.13978551, z: 0.32661933}
  m_LocalScale: {x: 1, y: 1, z: 1}
  m_Children: []
  m_Father: {fileID: 6662707066989881839}
  m_RootOrder: 0
  m_LocalEulerAnglesHint: {x: 0, y: 0, z: 0}
--- !u!1 &6662707066990048271
GameObject:
  m_ObjectHideFlags: 0
  m_CorrespondingSourceObject: {fileID: 0}
  m_PrefabInstance: {fileID: 0}
  m_PrefabAsset: {fileID: 0}
  serializedVersion: 6
  m_Component:
  - component: {fileID: 6662707066989881839}
  m_Layer: 0
  m_Name: Righr rear foot
  m_TagString: Untagged
  m_Icon: {fileID: 0}
  m_NavMeshLayer: 0
  m_StaticEditorFlags: 0
  m_IsActive: 1
--- !u!4 &6662707066989881839
Transform:
  m_ObjectHideFlags: 0
  m_CorrespondingSourceObject: {fileID: 0}
  m_PrefabInstance: {fileID: 0}
  m_PrefabAsset: {fileID: 0}
  m_GameObject: {fileID: 6662707066990048271}
  m_LocalRotation: {x: 0, y: -0, z: -0, w: 1}
  m_LocalPosition: {x: -4.9841504, y: 2.1884174, z: -6.5800705}
  m_LocalScale: {x: 1, y: 1, z: 1}
  m_Children:
  - {fileID: 6662707066989881837}
  m_Father: {fileID: 6662707066989881751}
  m_RootOrder: 3
  m_LocalEulerAnglesHint: {x: 0, y: 0, z: 0}
--- !u!1 &6662707066990048273
GameObject:
  m_ObjectHideFlags: 0
  m_CorrespondingSourceObject: {fileID: 0}
  m_PrefabInstance: {fileID: 0}
  m_PrefabAsset: {fileID: 0}
  serializedVersion: 6
  m_Component:
  - component: {fileID: 6662707066989881841}
  m_Layer: 0
  m_Name: right middle foot
  m_TagString: Untagged
  m_Icon: {fileID: 0}
  m_NavMeshLayer: 0
  m_StaticEditorFlags: 0
  m_IsActive: 1
--- !u!4 &6662707066989881841
Transform:
  m_ObjectHideFlags: 0
  m_CorrespondingSourceObject: {fileID: 0}
  m_PrefabInstance: {fileID: 0}
  m_PrefabAsset: {fileID: 0}
  m_GameObject: {fileID: 6662707066990048273}
  m_LocalRotation: {x: 0, y: -0, z: -0, w: 1}
  m_LocalPosition: {x: -1.3813462, y: 0.14247404, z: -7.7889585}
  m_LocalScale: {x: 1, y: 1, z: 1}
  m_Children:
  - {fileID: 6662707066989881847}
  m_Father: {fileID: 6662707066989881751}
  m_RootOrder: 4
  m_LocalEulerAnglesHint: {x: 0, y: 0, z: 0}
--- !u!1 &6662707066990048275
GameObject:
  m_ObjectHideFlags: 0
  m_CorrespondingSourceObject: {fileID: 0}
  m_PrefabInstance: {fileID: 0}
  m_PrefabAsset: {fileID: 0}
  serializedVersion: 6
  m_Component:
  - component: {fileID: 6662707066989881843}
  m_Layer: 0
  m_Name: Righr rear foot.3
  m_TagString: Untagged
  m_Icon: {fileID: 0}
  m_NavMeshLayer: 0
  m_StaticEditorFlags: 0
  m_IsActive: 1
--- !u!4 &6662707066989881843
Transform:
  m_ObjectHideFlags: 0
  m_CorrespondingSourceObject: {fileID: 0}
  m_PrefabInstance: {fileID: 0}
  m_PrefabAsset: {fileID: 0}
  m_GameObject: {fileID: 6662707066990048275}
  m_LocalRotation: {x: 0.69843924, y: -0.6927952, z: 0.11037542, w: 0.14154397}
  m_LocalPosition: {x: 0.43111148, y: 0.5978397, z: -2.584009}
  m_LocalScale: {x: 1, y: 1, z: 1}
  m_Children:
  - {fileID: 6662707066989881765}
  m_Father: {fileID: 6662707066989881829}
  m_RootOrder: 3
  m_LocalEulerAnglesHint: {x: 20.527372, y: -177.43317, z: -90.00001}
--- !u!1 &6662707066990048277
GameObject:
  m_ObjectHideFlags: 0
  m_CorrespondingSourceObject: {fileID: 0}
  m_PrefabInstance: {fileID: 0}
  m_PrefabAsset: {fileID: 0}
  serializedVersion: 6
  m_Component:
  - component: {fileID: 6662707066989881845}
  m_Layer: 0
  m_Name: right middle foot.3
  m_TagString: Untagged
  m_Icon: {fileID: 0}
  m_NavMeshLayer: 0
  m_StaticEditorFlags: 0
  m_IsActive: 1
--- !u!4 &6662707066989881845
Transform:
  m_ObjectHideFlags: 0
  m_CorrespondingSourceObject: {fileID: 0}
  m_PrefabInstance: {fileID: 0}
  m_PrefabAsset: {fileID: 0}
  m_GameObject: {fileID: 6662707066990048277}
  m_LocalRotation: {x: -0.69616073, y: 0.70101285, z: 0.12393581, w: 0.09263462}
  m_LocalPosition: {x: 0.4904292, y: 0.5978397, z: -1.260835}
  m_LocalScale: {x: 1, y: 1, z: 1}
  m_Children:
  - {fileID: 6662707066989881769}
  m_Father: {fileID: 6662707066989881829}
  m_RootOrder: 4
  m_LocalEulerAnglesHint: {x: -17.62215, y: -177.4332, z: -89.99998}
--- !u!1 &6662707066990048279
GameObject:
  m_ObjectHideFlags: 0
  m_CorrespondingSourceObject: {fileID: 0}
  m_PrefabInstance: {fileID: 0}
  m_PrefabAsset: {fileID: 0}
  serializedVersion: 6
  m_Component:
  - component: {fileID: 6662707066989881847}
  m_Layer: 0
  m_Name: right middle foot.2
  m_TagString: Untagged
  m_Icon: {fileID: 0}
  m_NavMeshLayer: 0
  m_StaticEditorFlags: 0
  m_IsActive: 1
--- !u!4 &6662707066989881847
Transform:
  m_ObjectHideFlags: 0
  m_CorrespondingSourceObject: {fileID: 0}
  m_PrefabInstance: {fileID: 0}
  m_PrefabAsset: {fileID: 0}
  m_GameObject: {fileID: 6662707066990048279}
  m_LocalRotation: {x: -0.09829247, y: -0.8010666, z: 0.07191027, w: 0.5860545}
  m_LocalPosition: {x: 0.06537125, y: 0.011384944, z: 0.097436845}
  m_LocalScale: {x: 1, y: 1, z: 1}
  m_Children: []
  m_Father: {fileID: 6662707066989881841}
  m_RootOrder: 0
  m_LocalEulerAnglesHint: {x: 0.000019209907, y: -107.62212, z: 13.990694}
--- !u!1 &6662707066990048281
GameObject:
  m_ObjectHideFlags: 0
  m_CorrespondingSourceObject: {fileID: 0}
  m_PrefabInstance: {fileID: 0}
  m_PrefabAsset: {fileID: 0}
  serializedVersion: 6
  m_Component:
  - component: {fileID: 6662707066989881849}
  m_Layer: 0
  m_Name: Right_Front_foot.2
  m_TagString: Untagged
  m_Icon: {fileID: 0}
  m_NavMeshLayer: 0
  m_StaticEditorFlags: 0
  m_IsActive: 1
--- !u!4 &6662707066989881849
Transform:
  m_ObjectHideFlags: 0
  m_CorrespondingSourceObject: {fileID: 0}
  m_PrefabInstance: {fileID: 0}
  m_PrefabAsset: {fileID: 0}
  m_GameObject: {fileID: 6662707066990048281}
  m_LocalRotation: {x: 0.2755233, y: 0.83235675, z: -0.11580054, w: -0.4667542}
  m_LocalPosition: {x: 0.05884122, y: -0.053575847, z: -0.047025707}
  m_LocalScale: {x: 1, y: 1, z: 1}
  m_Children: []
  m_Father: {fileID: 6662707066989881851}
  m_RootOrder: 0
  m_LocalEulerAnglesHint: {x: 0, y: 0, z: 0}
--- !u!1 &6662707066990048283
GameObject:
  m_ObjectHideFlags: 0
  m_CorrespondingSourceObject: {fileID: 0}
  m_PrefabInstance: {fileID: 0}
  m_PrefabAsset: {fileID: 0}
  serializedVersion: 6
  m_Component:
  - component: {fileID: 6662707066989881851}
  m_Layer: 0
  m_Name: Right_Front_foot
  m_TagString: Untagged
  m_Icon: {fileID: 0}
  m_NavMeshLayer: 0
  m_StaticEditorFlags: 0
  m_IsActive: 1
--- !u!4 &6662707066989881851
Transform:
  m_ObjectHideFlags: 0
  m_CorrespondingSourceObject: {fileID: 0}
  m_PrefabInstance: {fileID: 0}
  m_PrefabAsset: {fileID: 0}
  m_GameObject: {fileID: 6662707066990048283}
  m_LocalRotation: {x: -0.0000019754345, y: 0.0017626389, z: 0.000565918, w: 0.99999833}
  m_LocalPosition: {x: 3.1684139, y: 2.9757602, z: -7.706873}
  m_LocalScale: {x: 1, y: 1, z: 1}
  m_Children:
  - {fileID: 6662707066989881849}
  m_Father: {fileID: 6662707066989881751}
  m_RootOrder: 5
  m_LocalEulerAnglesHint: {x: 0, y: 0, z: 0}
--- !u!1 &6662707066990048285
GameObject:
  m_ObjectHideFlags: 0
  m_CorrespondingSourceObject: {fileID: 0}
  m_PrefabInstance: {fileID: 0}
  m_PrefabAsset: {fileID: 0}
  serializedVersion: 6
  m_Component:
  - component: {fileID: 6662707066989881853}
  m_Layer: 0
  m_Name: 'skeleton '
  m_TagString: Untagged
  m_Icon: {fileID: 0}
  m_NavMeshLayer: 0
  m_StaticEditorFlags: 0
  m_IsActive: 1
--- !u!4 &6662707066989881853
Transform:
  m_ObjectHideFlags: 0
  m_CorrespondingSourceObject: {fileID: 0}
  m_PrefabInstance: {fileID: 0}
  m_PrefabAsset: {fileID: 0}
  m_GameObject: {fileID: 6662707066990048285}
  m_LocalRotation: {x: 0, y: -0, z: -0, w: 1}
  m_LocalPosition: {x: -1.3397366, y: 0.8290346, z: 0.019256447}
  m_LocalScale: {x: 1, y: 1, z: 1}
  m_Children:
  - {fileID: 6662707066989881757}
  - {fileID: 6662707066989881825}
  m_Father: {fileID: 6662707066989881731}
  m_RootOrder: 2
  m_LocalEulerAnglesHint: {x: 0, y: 0, z: 0}
--- !u!1 &6662707066990048287
GameObject:
  m_ObjectHideFlags: 0
  m_CorrespondingSourceObject: {fileID: 0}
  m_PrefabInstance: {fileID: 0}
  m_PrefabAsset: {fileID: 0}
  serializedVersion: 6
  m_Component:
  - component: {fileID: 6662707066989881855}
  m_Layer: 0
  m_Name: Right_Front_foot.3
  m_TagString: Untagged
  m_Icon: {fileID: 0}
  m_NavMeshLayer: 0
  m_StaticEditorFlags: 0
  m_IsActive: 1
--- !u!4 &6662707066989881855
Transform:
  m_ObjectHideFlags: 0
  m_CorrespondingSourceObject: {fileID: 0}
  m_PrefabInstance: {fileID: 0}
  m_PrefabAsset: {fileID: 0}
  m_GameObject: {fileID: 6662707066990048287}
  m_LocalRotation: {x: 0.1497654, y: -0.18291414, z: 0.6910646, w: 0.6830391}
  m_LocalPosition: {x: 0.6370128, y: -0.5978397, z: -1.863727}
  m_LocalScale: {x: 1, y: 1, z: 1}
  m_Children:
  - {fileID: 6662707066989881761}
  m_Father: {fileID: 6662707066989881749}
  m_RootOrder: 2
  m_LocalEulerAnglesHint: {x: 27.219603, y: -2.7638602, z: 89.99999}
--- !u!1 &6662707066990048673
GameObject:
  m_ObjectHideFlags: 0
  m_CorrespondingSourceObject: {fileID: 0}
  m_PrefabInstance: {fileID: 0}
  m_PrefabAsset: {fileID: 0}
  serializedVersion: 6
  m_Component:
  - component: {fileID: 6662707066989881729}
  m_Layer: 0
  m_Name: __ant .2
  m_TagString: Untagged
  m_Icon: {fileID: 0}
  m_NavMeshLayer: 0
  m_StaticEditorFlags: 0
  m_IsActive: 1
--- !u!4 &6662707066989881729
Transform:
  m_ObjectHideFlags: 0
  m_CorrespondingSourceObject: {fileID: 0}
  m_PrefabInstance: {fileID: 0}
  m_PrefabAsset: {fileID: 0}
  m_GameObject: {fileID: 6662707066990048673}
  m_LocalRotation: {x: 0, y: -0, z: -0, w: 1}
  m_LocalPosition: {x: 0.93831605, y: 3.0031295, z: 0.019256447}
  m_LocalScale: {x: 1, y: 1, z: 1}
  m_Children:
  - {fileID: 6662707066989881735}
  m_Father: {fileID: 6662707066989881731}
  m_RootOrder: 0
  m_LocalEulerAnglesHint: {x: 0, y: 0, z: 0}
--- !u!1 &6662707066990048675
GameObject:
  m_ObjectHideFlags: 0
  m_CorrespondingSourceObject: {fileID: 0}
  m_PrefabInstance: {fileID: 0}
  m_PrefabAsset: {fileID: 0}
  serializedVersion: 6
  m_Component:
  - component: {fileID: 6662707066989881731}
  - component: {fileID: 354783855735590718}
  m_Layer: 0
  m_Name: '__ant '
  m_TagString: Untagged
  m_Icon: {fileID: 0}
  m_NavMeshLayer: 0
  m_StaticEditorFlags: 0
  m_IsActive: 1
--- !u!4 &6662707066989881731
Transform:
  m_ObjectHideFlags: 0
  m_CorrespondingSourceObject: {fileID: 0}
  m_PrefabInstance: {fileID: 0}
  m_PrefabAsset: {fileID: 0}
  m_GameObject: {fileID: 6662707066990048675}
  m_LocalRotation: {x: 0, y: -0.7071068, z: 0, w: 0.7071068}
  m_LocalPosition: {x: -0, y: 0, z: 0}
  m_LocalScale: {x: 1, y: 1, z: 1}
  m_Children:
  - {fileID: 6662707066989881729}
  - {fileID: 6662707066989881751}
  - {fileID: 6662707066989881853}
  m_Father: {fileID: 6662707066989881737}
  m_RootOrder: 0
  m_LocalEulerAnglesHint: {x: 0, y: -90, z: 0}
--- !u!65 &354783855735590718
BoxCollider:
  m_ObjectHideFlags: 0
  m_CorrespondingSourceObject: {fileID: 0}
  m_PrefabInstance: {fileID: 0}
  m_PrefabAsset: {fileID: 0}
  m_GameObject: {fileID: 6662707066990048675}
  m_Material: {fileID: 0}
  m_IsTrigger: 1
  m_Enabled: 1
  serializedVersion: 2
  m_Size: {x: 30, y: 18, z: 30}
  m_Center: {x: 0, y: 5, z: -0}
--- !u!1 &6662707066990048677
GameObject:
  m_ObjectHideFlags: 0
  m_CorrespondingSourceObject: {fileID: 0}
  m_PrefabInstance: {fileID: 0}
  m_PrefabAsset: {fileID: 0}
  serializedVersion: 6
  m_Component:
  - component: {fileID: 6662707066989881733}
  - component: {fileID: 6662707066995325091}
  m_Layer: 0
  m_Name: __ant .4
  m_TagString: Untagged
  m_Icon: {fileID: 0}
  m_NavMeshLayer: 0
  m_StaticEditorFlags: 0
  m_IsActive: 1
--- !u!4 &6662707066989881733
Transform:
  m_ObjectHideFlags: 0
  m_CorrespondingSourceObject: {fileID: 0}
  m_PrefabInstance: {fileID: 0}
  m_PrefabAsset: {fileID: 0}
  m_GameObject: {fileID: 6662707066990048677}
  m_LocalRotation: {x: 0, y: -0, z: -0, w: 1}
  m_LocalPosition: {x: 1.8217773, y: -1.8986589, z: -0.06079874}
  m_LocalScale: {x: 1, y: 1, z: 1}
  m_Children:
  - {fileID: 6662707066989881835}
  - {fileID: 6662707066989881833}
  m_Father: {fileID: 6662707066989881735}
  m_RootOrder: 0
  m_LocalEulerAnglesHint: {x: 0, y: 0, z: 0}
--- !u!137 &6662707066995325091
SkinnedMeshRenderer:
  m_ObjectHideFlags: 0
  m_CorrespondingSourceObject: {fileID: 0}
  m_PrefabInstance: {fileID: 0}
  m_PrefabAsset: {fileID: 0}
  m_GameObject: {fileID: 6662707066990048677}
  m_Enabled: 1
  m_CastShadows: 1
  m_ReceiveShadows: 1
  m_DynamicOccludee: 1
  m_MotionVectors: 1
  m_LightProbeUsage: 1
  m_ReflectionProbeUsage: 1
  m_RenderingLayerMask: 1
  m_RendererPriority: 0
  m_Materials:
  - {fileID: 2100000, guid: e21eaf673a75ac54abe72f32d6e44da6, type: 3}
  m_StaticBatchInfo:
    firstSubMesh: 0
    subMeshCount: 0
  m_StaticBatchRoot: {fileID: 0}
  m_ProbeAnchor: {fileID: 0}
  m_LightProbeVolumeOverride: {fileID: 0}
  m_ScaleInLightmap: 1
  m_PreserveUVs: 0
  m_IgnoreNormalsForChartDetection: 0
  m_ImportantGI: 0
  m_StitchLightmapSeams: 0
  m_SelectedEditorRenderState: 3
  m_MinimumChartSize: 4
  m_AutoUVMaxDistance: 0.5
  m_AutoUVMaxAngle: 89
  m_LightmapParameters: {fileID: 0}
  m_SortingLayerID: 0
  m_SortingLayer: 0
  m_SortingOrder: 0
  serializedVersion: 2
  m_Quality: 0
  m_UpdateWhenOffscreen: 0
  m_SkinnedMotionVectors: 1
  m_Mesh: {fileID: 4300000, guid: e21eaf673a75ac54abe72f32d6e44da6, type: 3}
  m_Bones:
  - {fileID: 6662707066989881821}
  - {fileID: 6662707066989881767}
  - {fileID: 6662707066989881779}
  - {fileID: 6662707066989881791}
  - {fileID: 6662707066989881803}
  - {fileID: 6662707066989881843}
  - {fileID: 6662707066989881765}
  - {fileID: 6662707066989881777}
  - {fileID: 6662707066989881789}
  - {fileID: 6662707066989881801}
  - {fileID: 6662707066989881819}
  - {fileID: 6662707066989881771}
  - {fileID: 6662707066989881783}
  - {fileID: 6662707066989881795}
  - {fileID: 6662707066989881807}
  - {fileID: 6662707066989881845}
  - {fileID: 6662707066989881769}
  - {fileID: 6662707066989881781}
  - {fileID: 6662707066989881793}
  - {fileID: 6662707066989881805}
  - {fileID: 6662707066989881827}
  - {fileID: 6662707066989881763}
  - {fileID: 6662707066989881775}
  - {fileID: 6662707066989881787}
  - {fileID: 6662707066989881799}
  - {fileID: 6662707066989881855}
  - {fileID: 6662707066989881761}
  - {fileID: 6662707066989881773}
  - {fileID: 6662707066989881785}
  - {fileID: 6662707066989881797}
  - {fileID: 6662707066989881749}
  - {fileID: 6662707066989881831}
  - {fileID: 6662707066989881829}
  - {fileID: 6662707066989881741}
  - {fileID: 6662707066989881747}
  - {fileID: 6662707066989881753}
  - {fileID: 6662707066989881759}
  m_BlendShapeWeights: []
  m_RootBone: {fileID: 6662707066989881831}
  m_AABB:
    m_Center: {x: 0.00038337708, y: -0.26499748, z: 2.7871714}
    m_Extent: {x: 11.835569, y: 13.75989, z: 8.2611265}
  m_DirtyAABB: 0
--- !u!1 &6662707066990048679
GameObject:
  m_ObjectHideFlags: 0
  m_CorrespondingSourceObject: {fileID: 0}
  m_PrefabInstance: {fileID: 0}
  m_PrefabAsset: {fileID: 0}
  serializedVersion: 6
  m_Component:
  - component: {fileID: 6662707066989881735}
  m_Layer: 0
  m_Name: __ant .3
  m_TagString: Untagged
  m_Icon: {fileID: 0}
  m_NavMeshLayer: 0
  m_StaticEditorFlags: 0
  m_IsActive: 1
--- !u!4 &6662707066989881735
Transform:
  m_ObjectHideFlags: 0
  m_CorrespondingSourceObject: {fileID: 0}
  m_PrefabInstance: {fileID: 0}
  m_PrefabAsset: {fileID: 0}
  m_GameObject: {fileID: 6662707066990048679}
  m_LocalRotation: {x: 0, y: -0, z: -0, w: 1}
  m_LocalPosition: {x: -0, y: 0, z: 0}
  m_LocalScale: {x: 1, y: 1, z: 1}
  m_Children:
  - {fileID: 6662707066989881733}
  m_Father: {fileID: 6662707066989881729}
  m_RootOrder: 0
  m_LocalEulerAnglesHint: {x: 0, y: 0, z: 0}
--- !u!1 &6662707066990048681
GameObject:
  m_ObjectHideFlags: 0
  m_CorrespondingSourceObject: {fileID: 0}
  m_PrefabInstance: {fileID: 0}
  m_PrefabAsset: {fileID: 0}
  serializedVersion: 6
  m_Component:
  - component: {fileID: 6662707066989881737}
  - component: {fileID: 6662707066995862627}
  - component: {fileID: 5078091914307605981}
  m_Layer: 0
  m_Name: Ant_anim_fbx 1
  m_TagString: Untagged
  m_Icon: {fileID: 0}
  m_NavMeshLayer: 0
  m_StaticEditorFlags: 0
  m_IsActive: 1
--- !u!4 &6662707066989881737
Transform:
  m_ObjectHideFlags: 0
  m_CorrespondingSourceObject: {fileID: 0}
  m_PrefabInstance: {fileID: 0}
  m_PrefabAsset: {fileID: 0}
  m_GameObject: {fileID: 6662707066990048681}
  m_LocalRotation: {x: 0, y: 0, z: 0, w: 1}
  m_LocalPosition: {x: 0, y: 0, z: 0}
  m_LocalScale: {x: 0.03, y: 0.03, z: 0.03}
  m_Children:
  - {fileID: 6662707066989881731}
  m_Father: {fileID: 0}
  m_RootOrder: 0
  m_LocalEulerAnglesHint: {x: 0, y: 0, z: 0}
--- !u!111 &6662707066995862627
Animation:
  m_ObjectHideFlags: 0
  m_CorrespondingSourceObject: {fileID: 0}
  m_PrefabInstance: {fileID: 0}
  m_PrefabAsset: {fileID: 0}
  m_GameObject: {fileID: 6662707066990048681}
  m_Enabled: 1
  serializedVersion: 3
  m_Animation: {fileID: 7400000, guid: e21eaf673a75ac54abe72f32d6e44da6, type: 3}
  m_Animations:
  - {fileID: 7400000, guid: e21eaf673a75ac54abe72f32d6e44da6, type: 3}
  m_WrapMode: 0
  m_PlayAutomatically: 1
  m_AnimatePhysics: 0
  m_CullingType: 0
--- !u!65 &5078091914307605981
BoxCollider:
  m_ObjectHideFlags: 0
  m_CorrespondingSourceObject: {fileID: 0}
  m_PrefabInstance: {fileID: 0}
  m_PrefabAsset: {fileID: 0}
  m_GameObject: {fileID: 6662707066990048681}
  m_Material: {fileID: 0}
  m_IsTrigger: 0
  m_Enabled: 1
  serializedVersion: 2
  m_Size: {x: 13, y: 3, z: 3}
  m_Center: {x: 0, y: -3, z: 0}
--- !u!1 &6662707066990048685
GameObject:
  m_ObjectHideFlags: 0
  m_CorrespondingSourceObject: {fileID: 0}
  m_PrefabInstance: {fileID: 0}
  m_PrefabAsset: {fileID: 0}
  serializedVersion: 6
  m_Component:
  - component: {fileID: 6662707066989881741}
  m_Layer: 0
  m_Name: Back.2
  m_TagString: Untagged
  m_Icon: {fileID: 0}
  m_NavMeshLayer: 0
  m_StaticEditorFlags: 0
  m_IsActive: 1
--- !u!4 &6662707066989881741
Transform:
  m_ObjectHideFlags: 0
  m_CorrespondingSourceObject: {fileID: 0}
  m_PrefabInstance: {fileID: 0}
  m_PrefabAsset: {fileID: 0}
  m_GameObject: {fileID: 6662707066990048685}
  m_LocalRotation: {x: -0.0016423954, y: -0.0016423953, z: -0.70710486, w: 0.70710486}
  m_LocalPosition: {x: -3.2862602e-16, y: -0.1227058, z: 0.1050592}
  m_LocalScale: {x: 1, y: 1, z: 1}
  m_Children:
  - {fileID: 6662707066989881747}
  m_Father: {fileID: 6662707066989881743}
  m_RootOrder: 0
  m_LocalEulerAnglesHint: {x: -0.2661618, y: 0.000000013340355, z: -90}
--- !u!1 &6662707066990048687
GameObject:
  m_ObjectHideFlags: 0
  m_CorrespondingSourceObject: {fileID: 0}
  m_PrefabInstance: {fileID: 0}
  m_PrefabAsset: {fileID: 0}
  serializedVersion: 6
  m_Component:
  - component: {fileID: 6662707066989881743}
  m_Layer: 0
  m_Name: Back
  m_TagString: Untagged
  m_Icon: {fileID: 0}
  m_NavMeshLayer: 0
  m_StaticEditorFlags: 0
  m_IsActive: 1
--- !u!4 &6662707066989881743
Transform:
  m_ObjectHideFlags: 0
  m_CorrespondingSourceObject: {fileID: 0}
  m_PrefabInstance: {fileID: 0}
  m_PrefabAsset: {fileID: 0}
  m_GameObject: {fileID: 6662707066990048687}
  m_LocalRotation: {x: -1.36463096e-17, y: -7.129815e-17, z: 0.7071068, w: 0.7071068}
  m_LocalPosition: {x: -0.1227058, y: -1.527667e-15, z: -3.485661}
  m_LocalScale: {x: 1, y: 1, z: 1}
  m_Children:
  - {fileID: 6662707066989881741}
  m_Father: {fileID: 6662707066989881829}
  m_RootOrder: 0
  m_LocalEulerAnglesHint: {x: 4.6714396e-15, y: -6.882917e-15, z: 90}
--- !u!1 &6662707066990048691
GameObject:
  m_ObjectHideFlags: 0
  m_CorrespondingSourceObject: {fileID: 0}
  m_PrefabInstance: {fileID: 0}
  m_PrefabAsset: {fileID: 0}
  serializedVersion: 6
  m_Component:
  - component: {fileID: 6662707066989881747}
  m_Layer: 0
  m_Name: Back.3
  m_TagString: Untagged
  m_Icon: {fileID: 0}
  m_NavMeshLayer: 0
  m_StaticEditorFlags: 0
  m_IsActive: 1
--- !u!4 &6662707066989881747
Transform:
  m_ObjectHideFlags: 0
  m_CorrespondingSourceObject: {fileID: 0}
  m_PrefabInstance: {fileID: 0}
  m_PrefabAsset: {fileID: 0}
  m_GameObject: {fileID: 6662707066990048691}
  m_LocalRotation: {x: 0.51220727, y: -0.48748717, z: 0.48748717, w: 0.51220727}
  m_LocalPosition: {x: 7.1054264e-16, y: -6.8389737e-16, z: -7.8523326}
  m_LocalScale: {x: 1, y: 1, z: 1}
  m_Children: []
  m_Father: {fileID: 6662707066989881741}
  m_RootOrder: 0
  m_LocalEulerAnglesHint: {x: 90, y: -87.16699, z: 0}
--- !u!1 &6662707066990048693
GameObject:
  m_ObjectHideFlags: 0
  m_CorrespondingSourceObject: {fileID: 0}
  m_PrefabInstance: {fileID: 0}
  m_PrefabAsset: {fileID: 0}
  serializedVersion: 6
  m_Component:
  - component: {fileID: 6662707066989881749}
  m_Layer: 0
  m_Name: front
  m_TagString: Untagged
  m_Icon: {fileID: 0}
  m_NavMeshLayer: 0
  m_StaticEditorFlags: 0
  m_IsActive: 1
--- !u!4 &6662707066989881749
Transform:
  m_ObjectHideFlags: 0
  m_CorrespondingSourceObject: {fileID: 0}
  m_PrefabInstance: {fileID: 0}
  m_PrefabAsset: {fileID: 0}
  m_GameObject: {fileID: 6662707066990048693}
  m_LocalRotation: {x: 0.51191294, y: -0.4877962, z: -0.4877962, w: 0.51191294}
  m_LocalPosition: {x: 0.048758052, y: -0.046893958, z: 0}
  m_LocalScale: {x: 1, y: 1, z: 1}
  m_Children:
  - {fileID: 6662707066989881755}
  - {fileID: 6662707066989881827}
  - {fileID: 6662707066989881855}
  m_Father: {fileID: 6662707066989881757}
  m_RootOrder: 0
  m_LocalEulerAnglesHint: {x: 2.763844, y: -90, z: -90}
--- !u!1 &6662707066990048695
GameObject:
  m_ObjectHideFlags: 0
  m_CorrespondingSourceObject: {fileID: 0}
  m_PrefabInstance: {fileID: 0}
  m_PrefabAsset: {fileID: 0}
  serializedVersion: 6
  m_Component:
  - component: {fileID: 6662707066989881751}
  m_Layer: 0
  m_Name: controllers
  m_TagString: Untagged
  m_Icon: {fileID: 0}
  m_NavMeshLayer: 0
  m_StaticEditorFlags: 0
  m_IsActive: 1
--- !u!4 &6662707066989881751
Transform:
  m_ObjectHideFlags: 0
  m_CorrespondingSourceObject: {fileID: 0}
  m_PrefabInstance: {fileID: 0}
  m_PrefabAsset: {fileID: 0}
  m_GameObject: {fileID: 6662707066990048695}
  m_LocalRotation: {x: 0, y: -0, z: -0, w: 1}
  m_LocalPosition: {x: 0.40142053, y: -3.8321643, z: -0.038512893}
  m_LocalScale: {x: 1, y: 1, z: 1}
  m_Children:
  - {fileID: 6662707066989881811}
  - {fileID: 6662707066989881815}
  - {fileID: 6662707066989881817}
  - {fileID: 6662707066989881839}
  - {fileID: 6662707066989881841}
  - {fileID: 6662707066989881851}
  m_Father: {fileID: 6662707066989881731}
  m_RootOrder: 1
  m_LocalEulerAnglesHint: {x: 0, y: 0, z: 0}
--- !u!1 &6662707066990048697
GameObject:
  m_ObjectHideFlags: 0
  m_CorrespondingSourceObject: {fileID: 0}
  m_PrefabInstance: {fileID: 0}
  m_PrefabAsset: {fileID: 0}
  serializedVersion: 6
  m_Component:
  - component: {fileID: 6662707066989881753}
  m_Layer: 0
  m_Name: Head.2
  m_TagString: Untagged
  m_Icon: {fileID: 0}
  m_NavMeshLayer: 0
  m_StaticEditorFlags: 0
  m_IsActive: 1
--- !u!4 &6662707066989881753
Transform:
  m_ObjectHideFlags: 0
  m_CorrespondingSourceObject: {fileID: 0}
  m_PrefabInstance: {fileID: 0}
  m_PrefabAsset: {fileID: 0}
  m_GameObject: {fileID: 6662707066990048697}
  m_LocalRotation: {x: -0.543329, y: -0.4525413, z: 0.4525413, w: 0.543329}
  m_LocalPosition: {x: -0.1453076, y: 0.08467165, z: 4.440892e-18}
  m_LocalScale: {x: 1, y: 1, z: 1}
  m_Children:
  - {fileID: 6662707066989881759}
  m_Father: {fileID: 6662707066989881755}
  m_RootOrder: 0
  m_LocalEulerAnglesHint: {x: -10.41785, y: -90, z: 90}
--- !u!1 &6662707066990048699
GameObject:
  m_ObjectHideFlags: 0
  m_CorrespondingSourceObject: {fileID: 0}
  m_PrefabInstance: {fileID: 0}
  m_PrefabAsset: {fileID: 0}
  serializedVersion: 6
  m_Component:
  - component: {fileID: 6662707066989881755}
  m_Layer: 0
  m_Name: Head
  m_TagString: Untagged
  m_Icon: {fileID: 0}
  m_NavMeshLayer: 0
  m_StaticEditorFlags: 0
  m_IsActive: 1
--- !u!4 &6662707066989881755
Transform:
  m_ObjectHideFlags: 0
  m_CorrespondingSourceObject: {fileID: 0}
  m_PrefabInstance: {fileID: 0}
  m_PrefabAsset: {fileID: 0}
  m_GameObject: {fileID: 6662707066990048699}
  m_LocalRotation: {x: -0.4995623, y: 0.50002414, z: 0.4986406, w: 0.5017678}
  m_LocalPosition: {x: 0.09157985, y: -5.1736386e-16, z: -2.934143}
  m_LocalScale: {x: 1, y: 1, z: 1}
  m_Children:
  - {fileID: 6662707066989881753}
  m_Father: {fileID: 6662707066989881749}
  m_RootOrder: 0
  m_LocalEulerAnglesHint: {x: -89.7897, y: 77.02415, z: 12.823022}
--- !u!1 &6662707066990048701
GameObject:
  m_ObjectHideFlags: 0
  m_CorrespondingSourceObject: {fileID: 0}
  m_PrefabInstance: {fileID: 0}
  m_PrefabAsset: {fileID: 0}
  serializedVersion: 6
  m_Component:
  - component: {fileID: 6662707066989881757}
  m_Layer: 0
  m_Name: 'housing '
  m_TagString: Untagged
  m_Icon: {fileID: 0}
  m_NavMeshLayer: 0
  m_StaticEditorFlags: 0
  m_IsActive: 1
--- !u!4 &6662707066989881757
Transform:
  m_ObjectHideFlags: 0
  m_CorrespondingSourceObject: {fileID: 0}
  m_PrefabInstance: {fileID: 0}
  m_PrefabAsset: {fileID: 0}
  m_GameObject: {fileID: 6662707066990048701}
  m_LocalRotation: {x: 0, y: -0, z: -0, w: 1}
  m_LocalPosition: {x: 1.2178137, y: 0.4111629, z: -3.3084646e-16}
  m_LocalScale: {x: 1, y: 1, z: 1}
  m_Children:
  - {fileID: 6662707066989881749}
  m_Father: {fileID: 6662707066989881853}
  m_RootOrder: 0
  m_LocalEulerAnglesHint: {x: 0, y: 0, z: 0}
--- !u!1 &6662707066990048703
GameObject:
  m_ObjectHideFlags: 0
  m_CorrespondingSourceObject: {fileID: 0}
  m_PrefabInstance: {fileID: 0}
  m_PrefabAsset: {fileID: 0}
  serializedVersion: 6
  m_Component:
  - component: {fileID: 6662707066989881759}
  m_Layer: 0
  m_Name: Head.3
  m_TagString: Untagged
  m_Icon: {fileID: 0}
  m_NavMeshLayer: 0
  m_StaticEditorFlags: 0
  m_IsActive: 1
--- !u!4 &6662707066989881759
Transform:
  m_ObjectHideFlags: 0
  m_CorrespondingSourceObject: {fileID: 0}
  m_PrefabInstance: {fileID: 0}
  m_PrefabAsset: {fileID: 0}
  m_GameObject: {fileID: 6662707066990048703}
  m_LocalRotation: {x: 0.543329, y: 0.4525413, z: -0.4525413, w: 0.543329}
  m_LocalPosition: {x: 1.1368679e-15, y: 1.5187849e-15, z: -4.362495}
  m_LocalScale: {x: 1, y: 1, z: 1}
  m_Children: []
  m_Father: {fileID: 6662707066989881753}
  m_RootOrder: 0
  m_LocalEulerAnglesHint: {x: 90, y: 79.582146, z: 0}
--- !u!1 &6662707066990048705
GameObject:
  m_ObjectHideFlags: 0
  m_CorrespondingSourceObject: {fileID: 0}
  m_PrefabInstance: {fileID: 0}
  m_PrefabAsset: {fileID: 0}
  serializedVersion: 6
  m_Component:
  - component: {fileID: 6662707066989881761}
  m_Layer: 0
  m_Name: Joint.2
  m_TagString: Untagged
  m_Icon: {fileID: 0}
  m_NavMeshLayer: 0
  m_StaticEditorFlags: 0
  m_IsActive: 1
--- !u!4 &6662707066989881761
Transform:
  m_ObjectHideFlags: 0
  m_CorrespondingSourceObject: {fileID: 0}
  m_PrefabInstance: {fileID: 0}
  m_PrefabAsset: {fileID: 0}
  m_GameObject: {fileID: 6662707066990048705}
  m_LocalRotation: {x: -0.6224524, y: 0.33548936, z: 0.3116273, w: 0.634735}
  m_LocalPosition: {x: -0, y: 0, z: 0}
  m_LocalScale: {x: 1, y: 1, z: 1}
  m_Children:
  - {fileID: 6662707066989881773}
  m_Father: {fileID: 6662707066989881855}
  m_RootOrder: 0
  m_LocalEulerAnglesHint: {x: -87.825516, y: 90, z: -35.527184}
--- !u!1 &6662707066990048707
GameObject:
  m_ObjectHideFlags: 0
  m_CorrespondingSourceObject: {fileID: 0}
  m_PrefabInstance: {fileID: 0}
  m_PrefabAsset: {fileID: 0}
  serializedVersion: 6
  m_Component:
  - component: {fileID: 6662707066989881763}
  m_Layer: 0
  m_Name: Joint
  m_TagString: Untagged
  m_Icon: {fileID: 0}
  m_NavMeshLayer: 0
  m_StaticEditorFlags: 0
  m_IsActive: 1
--- !u!4 &6662707066989881763
Transform:
  m_ObjectHideFlags: 0
  m_CorrespondingSourceObject: {fileID: 0}
  m_PrefabInstance: {fileID: 0}
  m_PrefabAsset: {fileID: 0}
  m_GameObject: {fileID: 6662707066990048707}
  m_LocalRotation: {x: -0.70697945, y: -0.013418823, z: 0.013418823, w: 0.70697945}
  m_LocalPosition: {x: -0, y: 2.842171e-16, z: -5.684342e-16}
  m_LocalScale: {x: 1, y: 1, z: 1}
  m_Children:
  - {fileID: 6662707066989881775}
  m_Father: {fileID: 6662707066989881827}
  m_RootOrder: 0
  m_LocalEulerAnglesHint: {x: -87.82525, y: -90, z: 90}
--- !u!1 &6662707066990048709
GameObject:
  m_ObjectHideFlags: 0
  m_CorrespondingSourceObject: {fileID: 0}
  m_PrefabInstance: {fileID: 0}
  m_PrefabAsset: {fileID: 0}
  serializedVersion: 6
  m_Component:
  - component: {fileID: 6662707066989881765}
  m_Layer: 0
  m_Name: Joint.4
  m_TagString: Untagged
  m_Icon: {fileID: 0}
  m_NavMeshLayer: 0
  m_StaticEditorFlags: 0
  m_IsActive: 1
--- !u!4 &6662707066989881765
Transform:
  m_ObjectHideFlags: 0
  m_CorrespondingSourceObject: {fileID: 0}
  m_PrefabInstance: {fileID: 0}
  m_PrefabAsset: {fileID: 0}
  m_GameObject: {fileID: 6662707066990048709}
  m_LocalRotation: {x: -0.6667393, y: -0.23549674, z: -0.2606281, w: 0.65732265}
  m_LocalPosition: {x: -3.6948217e-15, y: -1.4210849e-16, z: -8.5265126e-16}
  m_LocalScale: {x: 1, y: 1, z: 1}
  m_Children:
  - {fileID: 6662707066989881777}
  m_Father: {fileID: 6662707066989881843}
  m_RootOrder: 0
  m_LocalEulerAnglesHint: {x: -87.82525, y: 90.00004, z: -131.08186}
--- !u!1 &6662707066990048711
GameObject:
  m_ObjectHideFlags: 0
  m_CorrespondingSourceObject: {fileID: 0}
  m_PrefabInstance: {fileID: 0}
  m_PrefabAsset: {fileID: 0}
  serializedVersion: 6
  m_Component:
  - component: {fileID: 6662707066989881767}
  m_Layer: 0
  m_Name: Joint.3
  m_TagString: Untagged
  m_Icon: {fileID: 0}
  m_NavMeshLayer: 0
  m_StaticEditorFlags: 0
  m_IsActive: 1
--- !u!4 &6662707066989881767
Transform:
  m_ObjectHideFlags: 0
  m_CorrespondingSourceObject: {fileID: 0}
  m_PrefabInstance: {fileID: 0}
  m_PrefabAsset: {fileID: 0}
  m_GameObject: {fileID: 6662707066990048711}
  m_LocalRotation: {x: -0.70697945, y: -0.013418823, z: 0.013418823, w: 0.70697945}
  m_LocalPosition: {x: -5.684342e-16, y: 0, z: 0}
  m_LocalScale: {x: 1, y: 1, z: 1}
  m_Children:
  - {fileID: 6662707066989881779}
  m_Father: {fileID: 6662707066989881821}
  m_RootOrder: 0
  m_LocalEulerAnglesHint: {x: -87.82525, y: -90, z: 90}
--- !u!1 &6662707066990048713
GameObject:
  m_ObjectHideFlags: 0
  m_CorrespondingSourceObject: {fileID: 0}
  m_PrefabInstance: {fileID: 0}
  m_PrefabAsset: {fileID: 0}
  serializedVersion: 6
  m_Component:
  - component: {fileID: 6662707066989881769}
  m_Layer: 0
  m_Name: Joint.6
  m_TagString: Untagged
  m_Icon: {fileID: 0}
  m_NavMeshLayer: 0
  m_StaticEditorFlags: 0
  m_IsActive: 1
--- !u!4 &6662707066989881769
Transform:
  m_ObjectHideFlags: 0
  m_CorrespondingSourceObject: {fileID: 0}
  m_PrefabInstance: {fileID: 0}
  m_PrefabAsset: {fileID: 0}
  m_GameObject: {fileID: 6662707066990048713}
  m_LocalRotation: {x: -0.66969395, y: 0.22695814, z: 0.20138158, w: 0.6778241}
  m_LocalPosition: {x: 3.552714e-16, y: -4.263256e-16, z: -1.4210851e-15}
  m_LocalScale: {x: 1, y: 1, z: 1}
  m_Children:
  - {fileID: 6662707066989881781}
  m_Father: {fileID: 6662707066989881845}
  m_RootOrder: 0
  m_LocalEulerAnglesHint: {x: -87.82525, y: 89.99995, z: -54.731853}
--- !u!1 &6662707066990048715
GameObject:
  m_ObjectHideFlags: 0
  m_CorrespondingSourceObject: {fileID: 0}
  m_PrefabInstance: {fileID: 0}
  m_PrefabAsset: {fileID: 0}
  serializedVersion: 6
  m_Component:
  - component: {fileID: 6662707066989881771}
  m_Layer: 0
  m_Name: Joint.5
  m_TagString: Untagged
  m_Icon: {fileID: 0}
  m_NavMeshLayer: 0
  m_StaticEditorFlags: 0
  m_IsActive: 1
--- !u!4 &6662707066989881771
Transform:
  m_ObjectHideFlags: 0
  m_CorrespondingSourceObject: {fileID: 0}
  m_PrefabInstance: {fileID: 0}
  m_PrefabAsset: {fileID: 0}
  m_GameObject: {fileID: 6662707066990048715}
  m_LocalRotation: {x: -0.70697945, y: -0.013418823, z: 0.013418823, w: 0.70697945}
  m_LocalPosition: {x: -4.973799e-16, y: -2.842171e-16, z: 2.842171e-16}
  m_LocalScale: {x: 1, y: 1, z: 1}
  m_Children:
  - {fileID: 6662707066989881783}
  m_Father: {fileID: 6662707066989881819}
  m_RootOrder: 0
  m_LocalEulerAnglesHint: {x: -87.82525, y: -90, z: 90}
--- !u!1 &6662707066990048717
GameObject:
  m_ObjectHideFlags: 0
  m_CorrespondingSourceObject: {fileID: 0}
  m_PrefabInstance: {fileID: 0}
  m_PrefabAsset: {fileID: 0}
  serializedVersion: 6
  m_Component:
  - component: {fileID: 6662707066989881773}
  m_Layer: 0
  m_Name: Joint1.2
  m_TagString: Untagged
  m_Icon: {fileID: 0}
  m_NavMeshLayer: 0
  m_StaticEditorFlags: 0
  m_IsActive: 1
--- !u!4 &6662707066989881773
Transform:
  m_ObjectHideFlags: 0
  m_CorrespondingSourceObject: {fileID: 0}
  m_PrefabInstance: {fileID: 0}
  m_PrefabAsset: {fileID: 0}
  m_GameObject: {fileID: 6662707066990048717}
  m_LocalRotation: {x: 0.90166974, y: 0.33737916, z: 0.16798446, w: 0.21201017}
  m_LocalPosition: {x: -7.1054265e-15, y: 7.1054265e-15, z: -1.367579}
  m_LocalScale: {x: 1, y: 1, z: 1}
  m_Children:
  - {fileID: 6662707066989881785}
  m_Father: {fileID: 6662707066989881761}
  m_RootOrder: 0
  m_LocalEulerAnglesHint: {x: 15.603429, y: 152.41565, z: 135.11845}
--- !u!1 &6662707066990048719
GameObject:
  m_ObjectHideFlags: 0
  m_CorrespondingSourceObject: {fileID: 0}
  m_PrefabInstance: {fileID: 0}
  m_PrefabAsset: {fileID: 0}
  serializedVersion: 6
  m_Component:
  - component: {fileID: 6662707066989881775}
  m_Layer: 0
  m_Name: Joint1
  m_TagString: Untagged
  m_Icon: {fileID: 0}
  m_NavMeshLayer: 0
  m_StaticEditorFlags: 0
  m_IsActive: 1
--- !u!4 &6662707066989881775
Transform:
  m_ObjectHideFlags: 0
  m_CorrespondingSourceObject: {fileID: 0}
  m_PrefabInstance: {fileID: 0}
  m_PrefabAsset: {fileID: 0}
  m_GameObject: {fileID: 6662707066990048719}
  m_LocalRotation: {x: 0.8917961, y: -0.20072713, z: -0.405334, w: 0.010614334}
  m_LocalPosition: {x: -0, y: -1.705303e-15, z: -1.367579}
  m_LocalScale: {x: 1, y: 1, z: 1}
  m_Children:
  - {fileID: 6662707066989881787}
  m_Father: {fileID: 6662707066989881763}
  m_RootOrder: 0
  m_LocalEulerAnglesHint: {x: -8.267299, y: -132.7056, z: -158.25539}
--- !u!1 &6662707066990048721
GameObject:
  m_ObjectHideFlags: 0
  m_CorrespondingSourceObject: {fileID: 0}
  m_PrefabInstance: {fileID: 0}
  m_PrefabAsset: {fileID: 0}
  serializedVersion: 6
  m_Component:
  - component: {fileID: 6662707066989881777}
  m_Layer: 0
  m_Name: Joint1.4
  m_TagString: Untagged
  m_Icon: {fileID: 0}
  m_NavMeshLayer: 0
  m_StaticEditorFlags: 0
  m_IsActive: 1
--- !u!4 &6662707066989881777
Transform:
  m_ObjectHideFlags: 0
  m_CorrespondingSourceObject: {fileID: 0}
  m_PrefabInstance: {fileID: 0}
  m_PrefabAsset: {fileID: 0}
  m_GameObject: {fileID: 6662707066990048721}
  m_LocalRotation: {x: 0.9566958, y: -0.18379311, z: 0.1503101, w: -0.16840452}
  m_LocalPosition: {x: -1.918465e-15, y: -3.979039e-15, z: -1.367579}
  m_LocalScale: {x: 1, y: 1, z: 1}
  m_Children:
  - {fileID: 6662707066989881789}
  m_Father: {fileID: 6662707066989881765}
  m_RootOrder: 0
  m_LocalEulerAnglesHint: {x: -15.484153, y: 158.73581, z: -155.32658}
--- !u!1 &6662707066990048723
GameObject:
  m_ObjectHideFlags: 0
  m_CorrespondingSourceObject: {fileID: 0}
  m_PrefabInstance: {fileID: 0}
  m_PrefabAsset: {fileID: 0}
  serializedVersion: 6
  m_Component:
  - component: {fileID: 6662707066989881779}
  m_Layer: 0
  m_Name: Joint1.3
  m_TagString: Untagged
  m_Icon: {fileID: 0}
  m_NavMeshLayer: 0
  m_StaticEditorFlags: 0
  m_IsActive: 1
--- !u!4 &6662707066989881779
Transform:
  m_ObjectHideFlags: 0
  m_CorrespondingSourceObject: {fileID: 0}
  m_PrefabInstance: {fileID: 0}
  m_PrefabAsset: {fileID: 0}
  m_GameObject: {fileID: 6662707066990048723}
  m_LocalRotation: {x: 0.87145984, y: -0.117971554, z: -0.47606725, w: 0.00067867176}
  m_LocalPosition: {x: 5.684342e-16, y: 1.4210851e-15, z: -1.367579}
  m_LocalScale: {x: 1, y: 1, z: 1}
  m_Children:
  - {fileID: 6662707066989881791}
  m_Father: {fileID: 6662707066989881767}
  m_RootOrder: 0
  m_LocalEulerAnglesHint: {x: -6.3811455, y: -123.37573, z: -168.02136}
--- !u!1 &6662707066990048725
GameObject:
  m_ObjectHideFlags: 0
  m_CorrespondingSourceObject: {fileID: 0}
  m_PrefabInstance: {fileID: 0}
  m_PrefabAsset: {fileID: 0}
  serializedVersion: 6
  m_Component:
  - component: {fileID: 6662707066989881781}
  m_Layer: 0
  m_Name: Joint1.6
  m_TagString: Untagged
  m_Icon: {fileID: 0}
  m_NavMeshLayer: 0
  m_StaticEditorFlags: 0
  m_IsActive: 1
--- !u!4 &6662707066989881781
Transform:
  m_ObjectHideFlags: 0
  m_CorrespondingSourceObject: {fileID: 0}
  m_PrefabInstance: {fileID: 0}
  m_PrefabAsset: {fileID: 0}
  m_GameObject: {fileID: 6662707066990048725}
  m_LocalRotation: {x: 0.8532552, y: 0.17276278, z: 0.37029737, w: 0.32401937}
  m_LocalPosition: {x: -9.094947e-15, y: 2.5579542e-15, z: -1.367579}
  m_LocalScale: {x: 1, y: 1, z: 1}
  m_Children:
  - {fileID: 6662707066989881793}
  m_Father: {fileID: 6662707066989881769}
  m_RootOrder: 0
  m_LocalEulerAnglesHint: {x: 25.15036, y: 124.73644, z: 143.78629}
--- !u!1 &6662707066990048727
GameObject:
  m_ObjectHideFlags: 0
  m_CorrespondingSourceObject: {fileID: 0}
  m_PrefabInstance: {fileID: 0}
  m_PrefabAsset: {fileID: 0}
  serializedVersion: 6
  m_Component:
  - component: {fileID: 6662707066989881783}
  m_Layer: 0
  m_Name: Joint1.5
  m_TagString: Untagged
  m_Icon: {fileID: 0}
  m_NavMeshLayer: 0
  m_StaticEditorFlags: 0
  m_IsActive: 1
--- !u!4 &6662707066989881783
Transform:
  m_ObjectHideFlags: 0
  m_CorrespondingSourceObject: {fileID: 0}
  m_PrefabInstance: {fileID: 0}
  m_PrefabAsset: {fileID: 0}
  m_GameObject: {fileID: 6662707066990048727}
  m_LocalRotation: {x: 0.8754261, y: -0.042349856, z: -0.48147404, w: -0.0042858417}
  m_LocalPosition: {x: 5.684342e-16, y: -1.1368679e-15, z: -1.367579}
  m_LocalScale: {x: 1, y: 1, z: 1}
  m_Children:
  - {fileID: 6662707066989881795}
  m_Father: {fileID: 6662707066989881771}
  m_RootOrder: 0
  m_LocalEulerAnglesHint: {x: -2.7675796, y: -122.47659, z: -175.98009}
--- !u!1 &6662707066990048729
GameObject:
  m_ObjectHideFlags: 0
  m_CorrespondingSourceObject: {fileID: 0}
  m_PrefabInstance: {fileID: 0}
  m_PrefabAsset: {fileID: 0}
  serializedVersion: 6
  m_Component:
  - component: {fileID: 6662707066989881785}
  m_Layer: 0
  m_Name: Joint2.2
  m_TagString: Untagged
  m_Icon: {fileID: 0}
  m_NavMeshLayer: 0
  m_StaticEditorFlags: 0
  m_IsActive: 1
--- !u!4 &6662707066989881785
Transform:
  m_ObjectHideFlags: 0
  m_CorrespondingSourceObject: {fileID: 0}
  m_PrefabInstance: {fileID: 0}
  m_PrefabAsset: {fileID: 0}
  m_GameObject: {fileID: 6662707066990048729}
  m_LocalRotation: {x: -0.7318797, y: -0.14167768, z: -0.19419418, w: 0.63762695}
  m_LocalPosition: {x: -0.0774039, y: -0.2414226, z: -3.9648669}
  m_LocalScale: {x: 1, y: 1, z: 1}
  m_Children:
  - {fileID: 6662707066989881797}
  m_Father: {fileID: 6662707066989881773}
  m_RootOrder: 0
  m_LocalEulerAnglesHint: {x: -81.24881, y: 137.09415, z: -164.65378}
--- !u!1 &6662707066990048731
GameObject:
  m_ObjectHideFlags: 0
  m_CorrespondingSourceObject: {fileID: 0}
  m_PrefabInstance: {fileID: 0}
  m_PrefabAsset: {fileID: 0}
  serializedVersion: 6
  m_Component:
  - component: {fileID: 6662707066989881787}
  m_Layer: 0
  m_Name: Joint2
  m_TagString: Untagged
  m_Icon: {fileID: 0}
  m_NavMeshLayer: 0
  m_StaticEditorFlags: 0
  m_IsActive: 1
--- !u!4 &6662707066989881787
Transform:
  m_ObjectHideFlags: 0
  m_CorrespondingSourceObject: {fileID: 0}
  m_PrefabInstance: {fileID: 0}
  m_PrefabAsset: {fileID: 0}
  m_GameObject: {fileID: 6662707066990048731}
  m_LocalRotation: {x: 0.7879494, y: 6.40847e-16, z: -0.61574, w: 4.8200246e-16}
  m_LocalPosition: {x: 0.2535276, y: -4.2632557e-15, z: -3.9648669}
  m_LocalScale: {x: 1, y: 1, z: 1}
  m_Children:
  - {fileID: 6662707066989881799}
  m_Father: {fileID: 6662707066989881775}
  m_RootOrder: 0
  m_LocalEulerAnglesHint: {x: 8.873826e-14, y: -103.98857, z: 180}
--- !u!1 &6662707066990048733
GameObject:
  m_ObjectHideFlags: 0
  m_CorrespondingSourceObject: {fileID: 0}
  m_PrefabInstance: {fileID: 0}
  m_PrefabAsset: {fileID: 0}
  serializedVersion: 6
  m_Component:
  - component: {fileID: 6662707066989881789}
  m_Layer: 0
  m_Name: Joint2.4
  m_TagString: Untagged
  m_Icon: {fileID: 0}
  m_NavMeshLayer: 0
  m_StaticEditorFlags: 0
  m_IsActive: 1
--- !u!4 &6662707066989881789
Transform:
  m_ObjectHideFlags: 0
  m_CorrespondingSourceObject: {fileID: 0}
  m_PrefabInstance: {fileID: 0}
  m_PrefabAsset: {fileID: 0}
  m_GameObject: {fileID: 6662707066990048733}
  m_LocalRotation: {x: 0.83325523, y: -0.06841476, z: 0.34342244, w: 0.42786247}
  m_LocalPosition: {x: -0.1419851, y: 0.2100392, z: -3.9648669}
  m_LocalScale: {x: 1, y: 1, z: 1}
  m_Children:
  - {fileID: 6662707066989881801}
  m_Father: {fileID: 6662707066989881777}
  m_RootOrder: 0
  m_LocalEulerAnglesHint: {x: 49.46663, y: 127.76282, z: 163.9333}
--- !u!1 &6662707066990048735
GameObject:
  m_ObjectHideFlags: 0
  m_CorrespondingSourceObject: {fileID: 0}
  m_PrefabInstance: {fileID: 0}
  m_PrefabAsset: {fileID: 0}
  serializedVersion: 6
  m_Component:
  - component: {fileID: 6662707066989881791}
  m_Layer: 0
  m_Name: Joint2.3
  m_TagString: Untagged
  m_Icon: {fileID: 0}
  m_NavMeshLayer: 0
  m_StaticEditorFlags: 0
  m_IsActive: 1
--- !u!4 &6662707066989881791
Transform:
  m_ObjectHideFlags: 0
  m_CorrespondingSourceObject: {fileID: 0}
  m_PrefabInstance: {fileID: 0}
  m_PrefabAsset: {fileID: 0}
  m_GameObject: {fileID: 6662707066990048735}
  m_LocalRotation: {x: 0.7345676, y: 2.275921e-15, z: -0.6785355, w: 2.0957158e-15}
  m_LocalPosition: {x: 0.2535276, y: 5.4001247e-15, z: -3.9648669}
  m_LocalScale: {x: 1, y: 1, z: 1}
  m_Children:
  - {fileID: 6662707066989881803}
  m_Father: {fileID: 6662707066989881779}
  m_RootOrder: 0
  m_LocalEulerAnglesHint: {x: 3.5336957e-13, y: -94.541374, z: 180}
--- !u!1 &6662707066990048737
GameObject:
  m_ObjectHideFlags: 0
  m_CorrespondingSourceObject: {fileID: 0}
  m_PrefabInstance: {fileID: 0}
  m_PrefabAsset: {fileID: 0}
  serializedVersion: 6
  m_Component:
  - component: {fileID: 6662707066989881793}
  m_Layer: 0
  m_Name: Joint2.6
  m_TagString: Untagged
  m_Icon: {fileID: 0}
  m_NavMeshLayer: 0
  m_StaticEditorFlags: 0
  m_IsActive: 1
--- !u!4 &6662707066989881793
Transform:
  m_ObjectHideFlags: 0
  m_CorrespondingSourceObject: {fileID: 0}
  m_PrefabInstance: {fileID: 0}
  m_PrefabAsset: {fileID: 0}
  m_GameObject: {fileID: 6662707066990048737}
  m_LocalRotation: {x: -0.68054575, y: -0.0500093, z: -0.5231517, w: 0.5105575}
  m_LocalPosition: {x: -0.1679767, y: -0.18989478, z: -3.9648669}
  m_LocalScale: {x: 1, y: 1, z: 1}
  m_Children:
  - {fileID: 6662707066989881805}
  m_Father: {fileID: 6662707066989881781}
  m_RootOrder: 0
  m_LocalEulerAnglesHint: {x: -48.351883, y: 84.06515, z: -135.45903}
--- !u!1 &6662707066990048739
GameObject:
  m_ObjectHideFlags: 0
  m_CorrespondingSourceObject: {fileID: 0}
  m_PrefabInstance: {fileID: 0}
  m_PrefabAsset: {fileID: 0}
  serializedVersion: 6
  m_Component:
  - component: {fileID: 6662707066989881795}
  m_Layer: 0
  m_Name: Joint2.5
  m_TagString: Untagged
  m_Icon: {fileID: 0}
  m_NavMeshLayer: 0
  m_StaticEditorFlags: 0
  m_IsActive: 1
--- !u!4 &6662707066989881795
Transform:
  m_ObjectHideFlags: 0
  m_CorrespondingSourceObject: {fileID: 0}
  m_PrefabInstance: {fileID: 0}
  m_PrefabAsset: {fileID: 0}
  m_GameObject: {fileID: 6662707066990048739}
  m_LocalRotation: {x: -0.67921346, y: 0.0000000735598, z: 0.7339408, w: 0.00000006807471}
  m_LocalPosition: {x: 0.2535276, y: -5.684342e-16, z: -3.9648669}
  m_LocalScale: {x: 1, y: 1, z: 1}
  m_Children:
  - {fileID: 6662707066989881807}
  m_Father: {fileID: 6662707066989881783}
  m_RootOrder: 0
  m_LocalEulerAnglesHint: {x: -0.000011485032, y: -85.564415, z: 180}
--- !u!1 &6662707066990048741
GameObject:
  m_ObjectHideFlags: 0
  m_CorrespondingSourceObject: {fileID: 0}
  m_PrefabInstance: {fileID: 0}
  m_PrefabAsset: {fileID: 0}
  serializedVersion: 6
  m_Component:
  - component: {fileID: 6662707066989881797}
  m_Layer: 0
  m_Name: Joint3.2
  m_TagString: Untagged
  m_Icon: {fileID: 0}
  m_NavMeshLayer: 0
  m_StaticEditorFlags: 0
  m_IsActive: 1
--- !u!4 &6662707066989881797
Transform:
  m_ObjectHideFlags: 0
  m_CorrespondingSourceObject: {fileID: 0}
  m_PrefabInstance: {fileID: 0}
  m_PrefabAsset: {fileID: 0}
  m_GameObject: {fileID: 6662707066990048741}
  m_LocalRotation: {x: 0.2737836, y: -0.5699767, z: 0.01280134, w: 0.7746001}
  m_LocalPosition: {x: -0.066045575, y: 0.11095379, z: -6.344733}
  m_LocalScale: {x: 1, y: 1, z: 1}
  m_Children: []
  m_Father: {fileID: 6662707066989881785}
  m_RootOrder: 0
  m_LocalEulerAnglesHint: {x: 26.02342, y: -77.11815, z: -18.980333}
--- !u!1 &6662707066990048743
GameObject:
  m_ObjectHideFlags: 0
  m_CorrespondingSourceObject: {fileID: 0}
  m_PrefabInstance: {fileID: 0}
  m_PrefabAsset: {fileID: 0}
  serializedVersion: 6
  m_Component:
  - component: {fileID: 6662707066989881799}
  m_Layer: 0
  m_Name: Joint3
  m_TagString: Untagged
  m_Icon: {fileID: 0}
  m_NavMeshLayer: 0
  m_StaticEditorFlags: 0
  m_IsActive: 1
--- !u!4 &6662707066989881799
Transform:
  m_ObjectHideFlags: 0
  m_CorrespondingSourceObject: {fileID: 0}
  m_PrefabInstance: {fileID: 0}
  m_PrefabAsset: {fileID: 0}
  m_GameObject: {fileID: 6662707066990048743}
  m_LocalRotation: {x: 0.70064217, y: 0.09539699, z: -0.09539699, w: 0.70064217}
  m_LocalPosition: {x: 2.273737e-15, y: -2.8421708e-15, z: -6.211446}
  m_LocalScale: {x: 1, y: 1, z: 1}
  m_Children: []
  m_Father: {fileID: 6662707066989881787}
  m_RootOrder: 0
  m_LocalEulerAnglesHint: {x: 90, y: 15.507029, z: 0}
--- !u!1 &6662707066990048745
GameObject:
  m_ObjectHideFlags: 0
  m_CorrespondingSourceObject: {fileID: 0}
  m_PrefabInstance: {fileID: 0}
  m_PrefabAsset: {fileID: 0}
  serializedVersion: 6
  m_Component:
  - component: {fileID: 6662707066989881801}
  m_Layer: 0
  m_Name: Joint3.4
  m_TagString: Untagged
  m_Icon: {fileID: 0}
  m_NavMeshLayer: 0
  m_StaticEditorFlags: 0
  m_IsActive: 1
--- !u!4 &6662707066989881801
Transform:
  m_ObjectHideFlags: 0
  m_CorrespondingSourceObject: {fileID: 0}
  m_PrefabInstance: {fileID: 0}
  m_PrefabAsset: {fileID: 0}
  m_GameObject: {fileID: 6662707066990048745}
  m_LocalRotation: {x: 0.70685375, y: 0.018914819, z: 0.5001853, w: 0.4998146}
  m_LocalPosition: {x: -1.1226579e-14, y: -3.410605e-15, z: -6.211446}
  m_LocalScale: {x: 1, y: 1, z: 1}
  m_Children: []
  m_Father: {fileID: 6662707066989881789}
  m_RootOrder: 0
  m_LocalEulerAnglesHint: {x: 43.445934, y: 90, z: 133.4884}
--- !u!1 &6662707066990048747
GameObject:
  m_ObjectHideFlags: 0
  m_CorrespondingSourceObject: {fileID: 0}
  m_PrefabInstance: {fileID: 0}
  m_PrefabAsset: {fileID: 0}
  serializedVersion: 6
  m_Component:
  - component: {fileID: 6662707066989881803}
  m_Layer: 0
  m_Name: Joint3.3
  m_TagString: Untagged
  m_Icon: {fileID: 0}
  m_NavMeshLayer: 0
  m_StaticEditorFlags: 0
  m_IsActive: 1
--- !u!4 &6662707066989881803
Transform:
  m_ObjectHideFlags: 0
  m_CorrespondingSourceObject: {fileID: 0}
  m_PrefabInstance: {fileID: 0}
  m_PrefabAsset: {fileID: 0}
  m_GameObject: {fileID: 6662707066990048747}
  m_LocalRotation: {x: 0.70064217, y: 0.09539699, z: -0.09539699, w: 0.70064217}
  m_LocalPosition: {x: 2.273737e-15, y: -1.1368679e-15, z: -6.211446}
  m_LocalScale: {x: 1, y: 1, z: 1}
  m_Children: []
  m_Father: {fileID: 6662707066989881791}
  m_RootOrder: 0
  m_LocalEulerAnglesHint: {x: 90, y: 15.507029, z: 0}
--- !u!1 &6662707066990048749
GameObject:
  m_ObjectHideFlags: 0
  m_CorrespondingSourceObject: {fileID: 0}
  m_PrefabInstance: {fileID: 0}
  m_PrefabAsset: {fileID: 0}
  serializedVersion: 6
  m_Component:
  - component: {fileID: 6662707066989881805}
  m_Layer: 0
  m_Name: Joint3.6
  m_TagString: Untagged
  m_Icon: {fileID: 0}
  m_NavMeshLayer: 0
  m_StaticEditorFlags: 0
  m_IsActive: 1
--- !u!4 &6662707066989881805
Transform:
  m_ObjectHideFlags: 0
  m_CorrespondingSourceObject: {fileID: 0}
  m_PrefabInstance: {fileID: 0}
  m_PrefabAsset: {fileID: 0}
  m_GameObject: {fileID: 6662707066990048749}
  m_LocalRotation: {x: 0.5271821, y: -0.47125262, z: 0.020910766, w: 0.70679754}
  m_LocalPosition: {x: -6.252776e-15, y: 3.6948217e-15, z: -6.211446}
  m_LocalScale: {x: 1, y: 1, z: 1}
  m_Children: []
  m_Father: {fileID: 6662707066989881793}
  m_RootOrder: 0
  m_LocalEulerAnglesHint: {x: 49.90081, y: -89.99999, z: -46.511578}
--- !u!1 &6662707066990048751
GameObject:
  m_ObjectHideFlags: 0
  m_CorrespondingSourceObject: {fileID: 0}
  m_PrefabInstance: {fileID: 0}
  m_PrefabAsset: {fileID: 0}
  serializedVersion: 6
  m_Component:
  - component: {fileID: 6662707066989881807}
  m_Layer: 0
  m_Name: Joint3.5
  m_TagString: Untagged
  m_Icon: {fileID: 0}
  m_NavMeshLayer: 0
  m_StaticEditorFlags: 0
  m_IsActive: 1
--- !u!4 &6662707066989881807
Transform:
  m_ObjectHideFlags: 0
  m_CorrespondingSourceObject: {fileID: 0}
  m_PrefabInstance: {fileID: 0}
  m_PrefabAsset: {fileID: 0}
  m_GameObject: {fileID: 6662707066990048751}
  m_LocalRotation: {x: 0.70064217, y: 0.09539699, z: -0.09539699, w: 0.70064217}
  m_LocalPosition: {x: -7.958079e-15, y: -5.4001247e-15, z: -6.211446}
  m_LocalScale: {x: 1, y: 1, z: 1}
  m_Children: []
  m_Father: {fileID: 6662707066989881795}
  m_RootOrder: 0
  m_LocalEulerAnglesHint: {x: 90, y: 15.507029, z: 0}
--- !u!1 &6662707066990048753
GameObject:
  m_ObjectHideFlags: 0
  m_CorrespondingSourceObject: {fileID: 0}
  m_PrefabInstance: {fileID: 0}
  m_PrefabAsset: {fileID: 0}
  serializedVersion: 6
  m_Component:
  - component: {fileID: 6662707066989881809}
  m_Layer: 0
  m_Name: L_Front_Foot.2
  m_TagString: Untagged
  m_Icon: {fileID: 0}
  m_NavMeshLayer: 0
  m_StaticEditorFlags: 0
  m_IsActive: 1
--- !u!4 &6662707066989881809
Transform:
  m_ObjectHideFlags: 0
  m_CorrespondingSourceObject: {fileID: 0}
  m_PrefabInstance: {fileID: 0}
  m_PrefabAsset: {fileID: 0}
  m_GameObject: {fileID: 6662707066990048753}
  m_LocalRotation: {x: -0.029650364, y: -0.520019, z: 0.048593774, w: 0.8522557}
  m_LocalPosition: {x: 0.021176297, y: -0.006011644, z: -0.0046722908}
  m_LocalScale: {x: 1, y: 1, z: 1}
  m_Children: []
  m_Father: {fileID: 6662707066989881811}
  m_RootOrder: 0
  m_LocalEulerAnglesHint: {x: -0.00000085377343, y: -62.78039, z: 6.526696}
--- !u!1 &6662707066990048755
GameObject:
  m_ObjectHideFlags: 0
  m_CorrespondingSourceObject: {fileID: 0}
  m_PrefabInstance: {fileID: 0}
  m_PrefabAsset: {fileID: 0}
  serializedVersion: 6
  m_Component:
  - component: {fileID: 6662707066989881811}
  m_Layer: 0
  m_Name: L_Front_Foot
  m_TagString: Untagged
  m_Icon: {fileID: 0}
  m_NavMeshLayer: 0
  m_StaticEditorFlags: 0
  m_IsActive: 1
--- !u!4 &6662707066989881811
Transform:
  m_ObjectHideFlags: 0
  m_CorrespondingSourceObject: {fileID: 0}
  m_PrefabInstance: {fileID: 0}
  m_PrefabAsset: {fileID: 0}
  m_GameObject: {fileID: 6662707066990048755}
  m_LocalRotation: {x: 0, y: -0, z: -0, w: 1}
  m_LocalPosition: {x: 1.62218, y: 0.4687705, z: 6.9076595}
  m_LocalScale: {x: 1, y: 1, z: 1}
  m_Children:
  - {fileID: 6662707066989881809}
  m_Father: {fileID: 6662707066989881751}
  m_RootOrder: 0
  m_LocalEulerAnglesHint: {x: 0, y: 0, z: 0}
--- !u!1 &6662707066990048757
GameObject:
  m_ObjectHideFlags: 0
  m_CorrespondingSourceObject: {fileID: 0}
  m_PrefabInstance: {fileID: 0}
  m_PrefabAsset: {fileID: 0}
  serializedVersion: 6
  m_Component:
  - component: {fileID: 6662707066989881813}
  m_Layer: 0
  m_Name: left middle foot.2
  m_TagString: Untagged
  m_Icon: {fileID: 0}
  m_NavMeshLayer: 0
  m_StaticEditorFlags: 0
  m_IsActive: 1
--- !u!4 &6662707066989881813
Transform:
  m_ObjectHideFlags: 0
  m_CorrespondingSourceObject: {fileID: 0}
  m_PrefabInstance: {fileID: 0}
  m_PrefabAsset: {fileID: 0}
  m_GameObject: {fileID: 6662707066990048757}
  m_LocalRotation: {x: -0.0719101, y: -0.58605444, z: 0.09829255, w: 0.8010666}
  m_LocalPosition: {x: 0.06537125, y: 0.011384944, z: -0.05871807}
  m_LocalScale: {x: 1, y: 1, z: 1}
  m_Children: []
  m_Father: {fileID: 6662707066989881815}
  m_RootOrder: 0
  m_LocalEulerAnglesHint: {x: 0, y: 0, z: 0}
--- !u!1 &6662707066990048759
GameObject:
  m_ObjectHideFlags: 0
  m_CorrespondingSourceObject: {fileID: 0}
  m_PrefabInstance: {fileID: 0}
  m_PrefabAsset: {fileID: 0}
  serializedVersion: 6
  m_Component:
  - component: {fileID: 6662707066989881815}
  m_Layer: 0
  m_Name: left middle foot
  m_TagString: Untagged
  m_Icon: {fileID: 0}
  m_NavMeshLayer: 0
  m_StaticEditorFlags: 0
  m_IsActive: 1
--- !u!4 &6662707066989881815
Transform:
  m_ObjectHideFlags: 0
  m_CorrespondingSourceObject: {fileID: 0}
  m_PrefabInstance: {fileID: 0}
  m_PrefabAsset: {fileID: 0}
  m_GameObject: {fileID: 6662707066990048759}
  m_LocalRotation: {x: 0, y: -0, z: -0, w: 1}
  m_LocalPosition: {x: -0.11392857, y: 0.3105, z: 7.902641}
  m_LocalScale: {x: 1, y: 1, z: 1}
  m_Children:
  - {fileID: 6662707066989881813}
  m_Father: {fileID: 6662707066989881751}
  m_RootOrder: 1
  m_LocalEulerAnglesHint: {x: 0, y: 0, z: 0}
--- !u!1 &6662707066990048761
GameObject:
  m_ObjectHideFlags: 0
  m_CorrespondingSourceObject: {fileID: 0}
  m_PrefabInstance: {fileID: 0}
  m_PrefabAsset: {fileID: 0}
  serializedVersion: 6
  m_Component:
  - component: {fileID: 6662707066989881817}
  m_Layer: 0
  m_Name: left rear foot
  m_TagString: Untagged
  m_Icon: {fileID: 0}
  m_NavMeshLayer: 0
  m_StaticEditorFlags: 0
  m_IsActive: 1
--- !u!4 &6662707066989881817
Transform:
  m_ObjectHideFlags: 0
  m_CorrespondingSourceObject: {fileID: 0}
  m_PrefabInstance: {fileID: 0}
  m_PrefabAsset: {fileID: 0}
  m_GameObject: {fileID: 6662707066990048761}
  m_LocalRotation: {x: 0, y: -0, z: -0, w: 1}
  m_LocalPosition: {x: -6.9130673, y: 0.18210208, z: 6.4006915}
  m_LocalScale: {x: 1, y: 1, z: 1}
  m_Children:
  - {fileID: 6662707066989881823}
  m_Father: {fileID: 6662707066989881751}
  m_RootOrder: 2
  m_LocalEulerAnglesHint: {x: 0, y: 0, z: 0}
--- !u!1 &6662707066990048763
GameObject:
  m_ObjectHideFlags: 0
  m_CorrespondingSourceObject: {fileID: 0}
  m_PrefabInstance: {fileID: 0}
  m_PrefabAsset: {fileID: 0}
  serializedVersion: 6
  m_Component:
  - component: {fileID: 6662707066989881819}
  m_Layer: 0
  m_Name: left middle foot.3
  m_TagString: Untagged
  m_Icon: {fileID: 0}
  m_NavMeshLayer: 0
  m_StaticEditorFlags: 0
  m_IsActive: 1
--- !u!4 &6662707066989881819
Transform:
  m_ObjectHideFlags: 0
  m_CorrespondingSourceObject: {fileID: 0}
  m_PrefabInstance: {fileID: 0}
  m_PrefabAsset: {fileID: 0}
  m_GameObject: {fileID: 6662707066990048763}
  m_LocalRotation: {x: 0.70101285, y: -0.69616073, z: 0.09263462, w: 0.12393581}
  m_LocalPosition: {x: 0.4904292, y: -0.5978397, z: -1.260835}
  m_LocalScale: {x: 1, y: 1, z: 1}
  m_Children:
  - {fileID: 6662707066989881771}
  m_Father: {fileID: 6662707066989881829}
  m_RootOrder: 1
  m_LocalEulerAnglesHint: {x: 17.62215, y: -177.4332, z: -90.000015}
--- !u!1 &6662707066990048765
GameObject:
  m_ObjectHideFlags: 0
  m_CorrespondingSourceObject: {fileID: 0}
  m_PrefabInstance: {fileID: 0}
  m_PrefabAsset: {fileID: 0}
  serializedVersion: 6
  m_Component:
  - component: {fileID: 6662707066989881821}
  m_Layer: 0
  m_Name: left rear foot.3
  m_TagString: Untagged
  m_Icon: {fileID: 0}
  m_NavMeshLayer: 0
  m_StaticEditorFlags: 0
  m_IsActive: 1
--- !u!4 &6662707066989881821
Transform:
  m_ObjectHideFlags: 0
  m_CorrespondingSourceObject: {fileID: 0}
  m_PrefabInstance: {fileID: 0}
  m_PrefabAsset: {fileID: 0}
  m_GameObject: {fileID: 6662707066990048765}
  m_LocalRotation: {x: -0.6927952, y: 0.69843924, z: 0.14154397, w: 0.11037542}
  m_LocalPosition: {x: 0.43111148, y: -0.5978397, z: -2.584009}
  m_LocalScale: {x: 1, y: 1, z: 1}
  m_Children:
  - {fileID: 6662707066989881767}
  m_Father: {fileID: 6662707066989881829}
  m_RootOrder: 2
  m_LocalEulerAnglesHint: {x: -20.527372, y: -177.43317, z: -89.999985}
--- !u!1 &6662707066990048767
GameObject:
  m_ObjectHideFlags: 0
  m_CorrespondingSourceObject: {fileID: 0}
  m_PrefabInstance: {fileID: 0}
  m_PrefabAsset: {fileID: 0}
  serializedVersion: 6
  m_Component:
  - component: {fileID: 6662707066989881823}
  m_Layer: 0
  m_Name: left rear foot.2
  m_TagString: Untagged
  m_Icon: {fileID: 0}
  m_NavMeshLayer: 0
  m_StaticEditorFlags: 0
  m_IsActive: 1
--- !u!4 &6662707066989881823
Transform:
  m_ObjectHideFlags: 0
  m_CorrespondingSourceObject: {fileID: 0}
  m_PrefabInstance: {fileID: 0}
  m_PrefabAsset: {fileID: 0}
  m_GameObject: {fileID: 6662707066990048767}
  m_LocalRotation: {x: -0.10008394, y: -0.8156658, z: 0.0693953, w: 0.56555897}
  m_LocalPosition: {x: 0.006765662, y: 0.13978551, z: -0.0317013}
  m_LocalScale: {x: 1, y: 1, z: 1}
  m_Children: []
  m_Father: {fileID: 6662707066989881817}
  m_RootOrder: 0
  m_LocalEulerAnglesHint: {x: 0, y: 0, z: 0}
