%YAML 1.1
%TAG !u! tag:unity3d.com,2011:
--- !u!1 &2719062182175326
GameObject:
  m_ObjectHideFlags: 0
  m_CorrespondingSourceObject: {fileID: 0}
  m_PrefabInstance: {fileID: 0}
  m_PrefabAsset: {fileID: 0}
  serializedVersion: 6
  m_Component:
  - component: {fileID: 8989631985574443834}
  m_Layer: 0
  m_Name: PC_GrassHopperTail4
  m_TagString: Untagged
  m_Icon: {fileID: 0}
  m_NavMeshLayer: 0
  m_StaticEditorFlags: 0
  m_IsActive: 1
--- !u!4 &8989631985574443834
Transform:
  m_ObjectHideFlags: 0
  m_CorrespondingSourceObject: {fileID: 0}
  m_PrefabInstance: {fileID: 0}
  m_PrefabAsset: {fileID: 0}
  m_GameObject: {fileID: 2719062182175326}
  m_LocalRotation: {x: 0.00000003487739, y: 0.034536246, z: -0.000000038480387, w: 0.9994035}
  m_LocalPosition: {x: -0.18318492, y: 0, z: 0.000000012111664}
  m_LocalScale: {x: 1.0000004, y: 0.99999994, z: 1.0000002}
  m_Children:
  - {fileID: 5612010315452350072}
  m_Father: {fileID: 1391834417974537875}
  m_RootOrder: 0
  m_LocalEulerAnglesHint: {x: -0.0000055755104, y: -1.3656465, z: -0.000011957255}
--- !u!1 &151853454254072919
GameObject:
  m_ObjectHideFlags: 0
  m_CorrespondingSourceObject: {fileID: 0}
  m_PrefabInstance: {fileID: 0}
  m_PrefabAsset: {fileID: 0}
  serializedVersion: 6
  m_Component:
  - component: {fileID: 4407985600635176241}
  m_Layer: 0
  m_Name: PC_GrassHopperRLegAnkle
  m_TagString: Untagged
  m_Icon: {fileID: 0}
  m_NavMeshLayer: 0
  m_StaticEditorFlags: 0
  m_IsActive: 1
--- !u!4 &4407985600635176241
Transform:
  m_ObjectHideFlags: 0
  m_CorrespondingSourceObject: {fileID: 0}
  m_PrefabInstance: {fileID: 0}
  m_PrefabAsset: {fileID: 0}
  m_GameObject: {fileID: 151853454254072919}
  m_LocalRotation: {x: 0.49812412, y: 0.7221543, z: 0.05162472, w: 0.47717965}
  m_LocalPosition: {x: -0.23079748, y: 0.000000012111664, z: 0}
  m_LocalScale: {x: 1.0000031, y: 0.9999988, z: 0.9999983}
  m_Children: []
  m_Father: {fileID: 1443520622458535873}
  m_RootOrder: 0
  m_LocalEulerAnglesHint: {x: 24.552038, y: 124.55942, z: 56.20219}
--- !u!1 &658786169266398284
GameObject:
  m_ObjectHideFlags: 0
  m_CorrespondingSourceObject: {fileID: 0}
  m_PrefabInstance: {fileID: 0}
  m_PrefabAsset: {fileID: 0}
  serializedVersion: 6
  m_Component:
  - component: {fileID: 7923106778674328956}
  m_Layer: 0
  m_Name: PC_GrassHopperLArm2
  m_TagString: Untagged
  m_Icon: {fileID: 0}
  m_NavMeshLayer: 0
  m_StaticEditorFlags: 0
  m_IsActive: 1
--- !u!4 &7923106778674328956
Transform:
  m_ObjectHideFlags: 0
  m_CorrespondingSourceObject: {fileID: 0}
  m_PrefabInstance: {fileID: 0}
  m_PrefabAsset: {fileID: 0}
  m_GameObject: {fileID: 658786169266398284}
  m_LocalRotation: {x: 0.15611874, y: 0.3041376, z: 0.5350112, w: 0.77258676}
  m_LocalPosition: {x: -0.22919872, y: 0, z: 0}
  m_LocalScale: {x: 1.0000072, y: 0.99998957, z: 1.0000031}
  m_Children:
  - {fileID: 4179981340626403753}
  m_Father: {fileID: 1500610877032832362}
  m_RootOrder: 0
  m_LocalEulerAnglesHint: {x: -0.8120236, y: 37.874912, z: 62.643612}
--- !u!1 &778581396735974489
GameObject:
  m_ObjectHideFlags: 0
  m_CorrespondingSourceObject: {fileID: 0}
  m_PrefabInstance: {fileID: 0}
  m_PrefabAsset: {fileID: 0}
  serializedVersion: 6
  m_Component:
  - component: {fileID: 3859580724959434625}
  m_Layer: 0
  m_Name: PC_GrassHopperTail2
  m_TagString: Untagged
  m_Icon: {fileID: 0}
  m_NavMeshLayer: 0
  m_StaticEditorFlags: 0
  m_IsActive: 1
--- !u!4 &3859580724959434625
Transform:
  m_ObjectHideFlags: 0
  m_CorrespondingSourceObject: {fileID: 0}
  m_PrefabInstance: {fileID: 0}
  m_PrefabAsset: {fileID: 0}
  m_GameObject: {fileID: 778581396735974489}
  m_LocalRotation: {x: -0.000000014151317, y: 0.03466886, z: -0.000000021874284, w: 0.9993989}
  m_LocalPosition: {x: -0.18318492, y: -0.000000024223327, z: 0.000000003027916}
  m_LocalScale: {x: 1, y: 0.99999976, z: 1}
  m_Children:
  - {fileID: 1391834417974537875}
  m_Father: {fileID: 3392389782753924320}
  m_RootOrder: 0
  m_LocalEulerAnglesHint: {x: -0.0000018057074, y: -1.953022, z: -0.000003004306}
--- !u!1 &1388398607728142116
GameObject:
  m_ObjectHideFlags: 0
  m_CorrespondingSourceObject: {fileID: 0}
  m_PrefabInstance: {fileID: 0}
  m_PrefabAsset: {fileID: 0}
  serializedVersion: 6
  m_Component:
  - component: {fileID: 1500610877032832362}
  m_Layer: 0
  m_Name: PC_GrassHopperLArm1
  m_TagString: Untagged
  m_Icon: {fileID: 0}
  m_NavMeshLayer: 0
  m_StaticEditorFlags: 0
  m_IsActive: 1
--- !u!4 &1500610877032832362
Transform:
  m_ObjectHideFlags: 0
  m_CorrespondingSourceObject: {fileID: 0}
  m_PrefabInstance: {fileID: 0}
  m_PrefabAsset: {fileID: 0}
  m_GameObject: {fileID: 1388398607728142116}
  m_LocalRotation: {x: -0.592175, y: 0.38613805, z: -0.28116038, w: 0.64897996}
  m_LocalPosition: {x: -0.09301145, y: 0, z: 0}
  m_LocalScale: {x: 1.0000015, y: 0.99999887, z: 1.0000001}
  m_Children:
  - {fileID: 7923106778674328956}
  m_Father: {fileID: 1972107303084555656}
  m_RootOrder: 0
  m_LocalEulerAnglesHint: {x: -28.958342, y: 89.27333, z: -59.356544}
--- !u!1 &1407863734188315462
GameObject:
  m_ObjectHideFlags: 0
  m_CorrespondingSourceObject: {fileID: 0}
  m_PrefabInstance: {fileID: 0}
  m_PrefabAsset: {fileID: 0}
  serializedVersion: 6
  m_Component:
  - component: {fileID: 4474636805884808813}
  m_Layer: 0
  m_Name: PC_GrassHopperSpine3
  m_TagString: Untagged
  m_Icon: {fileID: 0}
  m_NavMeshLayer: 0
  m_StaticEditorFlags: 0
  m_IsActive: 1
--- !u!4 &4474636805884808813
Transform:
  m_ObjectHideFlags: 0
  m_CorrespondingSourceObject: {fileID: 0}
  m_PrefabInstance: {fileID: 0}
  m_PrefabAsset: {fileID: 0}
  m_GameObject: {fileID: 1407863734188315462}
  m_LocalRotation: {x: -0.01627724, y: -0.057449054, z: -0.45453787, w: 0.8887238}
  m_LocalPosition: {x: -0.0667872, y: -0.000000024223327, z: 0.000000004541874}
  m_LocalScale: {x: 1.0000001, y: 0.9999997, z: 0.9999999}
  m_Children:
  - {fileID: 5947701429703425315}
  m_Father: {fileID: 3983850212239714765}
  m_RootOrder: 0
  m_LocalEulerAnglesHint: {x: -1.7602557, y: -6.8323555, z: -50.80478}
--- !u!1 &1527215710813257160
GameObject:
  m_ObjectHideFlags: 0
  m_CorrespondingSourceObject: {fileID: 0}
  m_PrefabInstance: {fileID: 0}
  m_PrefabAsset: {fileID: 0}
  serializedVersion: 6
  m_Component:
  - component: {fileID: 1972107303084555656}
  m_Layer: 0
  m_Name: PC_GrassHopperLArmCollarbone
  m_TagString: Untagged
  m_Icon: {fileID: 0}
  m_NavMeshLayer: 0
  m_StaticEditorFlags: 0
  m_IsActive: 1
--- !u!4 &1972107303084555656
Transform:
  m_ObjectHideFlags: 0
  m_CorrespondingSourceObject: {fileID: 0}
  m_PrefabInstance: {fileID: 0}
  m_PrefabAsset: {fileID: 0}
  m_GameObject: {fileID: 1527215710813257160}
  m_LocalRotation: {x: 0.08418683, y: 0.7347127, z: 0.061944205, w: 0.6702781}
  m_LocalPosition: {x: 0.09278423, y: 0.031017777, z: 0.002948271}
  m_LocalScale: {x: 0.99999994, y: 0.9999998, z: 0.9999998}
  m_Children:
  - {fileID: 1500610877032832362}
  m_Father: {fileID: 5947701429703425315}
  m_RootOrder: 0
  m_LocalEulerAnglesHint: {x: 1.2511404, y: 95.38241, z: 11.934611}
--- !u!1 &1565213742862856950
GameObject:
  m_ObjectHideFlags: 0
  m_CorrespondingSourceObject: {fileID: 0}
  m_PrefabInstance: {fileID: 0}
  m_PrefabAsset: {fileID: 0}
  serializedVersion: 6
  m_Component:
  - component: {fileID: 1391834417974537875}
  m_Layer: 0
  m_Name: PC_GrassHopperTail3
  m_TagString: Untagged
  m_Icon: {fileID: 0}
  m_NavMeshLayer: 0
  m_StaticEditorFlags: 0
  m_IsActive: 1
--- !u!4 &1391834417974537875
Transform:
  m_ObjectHideFlags: 0
  m_CorrespondingSourceObject: {fileID: 0}
  m_PrefabInstance: {fileID: 0}
  m_PrefabAsset: {fileID: 0}
  m_GameObject: {fileID: 1565213742862856950}
  m_LocalRotation: {x: -0.000000046703814, y: 0.034668796, z: -0.00000005056531, w: 0.9993989}
  m_LocalPosition: {x: -0.18318492, y: 0.000000024223327, z: 0.000000006055832}
  m_LocalScale: {x: 0.9999999, y: 1, z: 1.0000004}
  m_Children:
  - {fileID: 8989631985574443834}
  m_Father: {fileID: 3859580724959434625}
  m_RootOrder: 0
  m_LocalEulerAnglesHint: {x: 0.000008790813, y: -1.9530138, z: -0.0000020955688}
--- !u!1 &2014329897163519650
GameObject:
  m_ObjectHideFlags: 0
  m_CorrespondingSourceObject: {fileID: 0}
  m_PrefabInstance: {fileID: 0}
  m_PrefabAsset: {fileID: 0}
  serializedVersion: 6
  m_Component:
  - component: {fileID: 1889573687374015651}
  m_Layer: 0
  m_Name: PC_GrassHopperRLeg2 1
  m_TagString: Untagged
  m_Icon: {fileID: 0}
  m_NavMeshLayer: 0
  m_StaticEditorFlags: 0
  m_IsActive: 1
--- !u!4 &1889573687374015651
Transform:
  m_ObjectHideFlags: 0
  m_CorrespondingSourceObject: {fileID: 0}
  m_PrefabInstance: {fileID: 0}
  m_PrefabAsset: {fileID: 0}
  m_GameObject: {fileID: 2014329897163519650}
  m_LocalRotation: {x: -0.013907958, y: 0.37509844, z: 0.8096732, w: -0.4511508}
  m_LocalPosition: {x: -0.59238493, y: -0.000000012111664, z: 0}
  m_LocalScale: {x: 0.99999315, y: 1.0000058, z: 1.0000011}
  m_Children:
  - {fileID: 3339096098893462438}
  m_Father: {fileID: 6875479355158132937}
  m_RootOrder: 0
  m_LocalEulerAnglesHint: {x: -36.350094, y: -26.748667, z: -112.449036}
--- !u!1 &2495205834545427952
GameObject:
  m_ObjectHideFlags: 0
  m_CorrespondingSourceObject: {fileID: 0}
  m_PrefabInstance: {fileID: 0}
  m_PrefabAsset: {fileID: 0}
  serializedVersion: 6
  m_Component:
  - component: {fileID: 4108794162600414841}
  m_Layer: 0
  m_Name: PC_GrassHopperLLeg2 1
  m_TagString: Untagged
  m_Icon: {fileID: 0}
  m_NavMeshLayer: 0
  m_StaticEditorFlags: 0
  m_IsActive: 1
--- !u!4 &4108794162600414841
Transform:
  m_ObjectHideFlags: 0
  m_CorrespondingSourceObject: {fileID: 0}
  m_PrefabInstance: {fileID: 0}
  m_PrefabAsset: {fileID: 0}
  m_GameObject: {fileID: 2495205834545427952}
  m_LocalRotation: {x: -0.017799648, y: 0.34188738, z: -0.7378898, w: 0.58164835}
  m_LocalPosition: {x: -0.5923852, y: 0.000000024223327, z: 0}
  m_LocalScale: {x: 1.0000032, y: 0.99999994, z: 0.9999974}
  m_Children:
  - {fileID: 2015947799209158835}
  m_Father: {fileID: 8549268169065623171}
  m_RootOrder: 0
  m_LocalEulerAnglesHint: {x: 28.676188, y: 28.99039, z: -95.32709}
--- !u!1 &2785191661168946144
GameObject:
  m_ObjectHideFlags: 0
  m_CorrespondingSourceObject: {fileID: 0}
  m_PrefabInstance: {fileID: 0}
  m_PrefabAsset: {fileID: 0}
  serializedVersion: 6
  m_Component:
  - component: {fileID: 1443520622458535873}
  m_Layer: 0
  m_Name: PC_GrassHopperRLeg2
  m_TagString: Untagged
  m_Icon: {fileID: 0}
  m_NavMeshLayer: 0
  m_StaticEditorFlags: 0
  m_IsActive: 1
--- !u!4 &1443520622458535873
Transform:
  m_ObjectHideFlags: 0
  m_CorrespondingSourceObject: {fileID: 0}
  m_PrefabInstance: {fileID: 0}
  m_PrefabAsset: {fileID: 0}
  m_GameObject: {fileID: 2785191661168946144}
  m_LocalRotation: {x: -0.010610549, y: -0.25020888, z: -0.5340602, w: 0.807504}
  m_LocalPosition: {x: -0.23323688, y: 0, z: 0}
  m_LocalScale: {x: 1.0000021, y: 0.9999983, z: 1.0000001}
  m_Children:
  - {fileID: 4407985600635176241}
  m_Father: {fileID: 1814372223797577875}
  m_RootOrder: 0
  m_LocalEulerAnglesHint: {x: -16.410309, y: -24.12422, z: -63.133232}
--- !u!1 &2989917773374676020
GameObject:
  m_ObjectHideFlags: 0
  m_CorrespondingSourceObject: {fileID: 0}
  m_PrefabInstance: {fileID: 0}
  m_PrefabAsset: {fileID: 0}
  serializedVersion: 6
  m_Component:
  - component: {fileID: 1593475698296068628}
  m_Layer: 0
  m_Name: PC_GrassHopperTail1 2
  m_TagString: Untagged
  m_Icon: {fileID: 0}
  m_NavMeshLayer: 0
  m_StaticEditorFlags: 0
  m_IsActive: 1
--- !u!4 &1593475698296068628
Transform:
  m_ObjectHideFlags: 0
  m_CorrespondingSourceObject: {fileID: 0}
  m_PrefabInstance: {fileID: 0}
  m_PrefabAsset: {fileID: 0}
  m_GameObject: {fileID: 2989917773374676020}
  m_LocalRotation: {x: 0.011612811, y: -0.0321119, z: -0.32078257, w: 0.94653714}
  m_LocalPosition: {x: -0.012536734, y: 0.008512174, z: -0.034224037}
  m_LocalScale: {x: 1, y: 0.9999998, z: 0.9999998}
  m_Children:
  - {fileID: 6046297393727437258}
  m_Father: {fileID: 360490263208872614}
  m_RootOrder: 1
  m_LocalEulerAnglesHint: {x: -3.798302, y: 0.3078966, z: -44.29422}
--- !u!1 &3005800761149557405
GameObject:
  m_ObjectHideFlags: 0
  m_CorrespondingSourceObject: {fileID: 0}
  m_PrefabInstance: {fileID: 0}
  m_PrefabAsset: {fileID: 0}
  serializedVersion: 6
  m_Component:
  - component: {fileID: 8208208949818454539}
  m_Layer: 0
  m_Name: PC_GrassHopperTail3 2
  m_TagString: Untagged
  m_Icon: {fileID: 0}
  m_NavMeshLayer: 0
  m_StaticEditorFlags: 0
  m_IsActive: 1
--- !u!4 &8208208949818454539
Transform:
  m_ObjectHideFlags: 0
  m_CorrespondingSourceObject: {fileID: 0}
  m_PrefabInstance: {fileID: 0}
  m_PrefabAsset: {fileID: 0}
  m_GameObject: {fileID: 3005800761149557405}
  m_LocalRotation: {x: 0.023158472, y: -0.025215235, z: 0.06566411, w: 0.9972543}
  m_LocalPosition: {x: -0.11139625, y: -0.000000024223327, z: 0}
  m_LocalScale: {x: 1.0000001, y: 1.0000001, z: 1.0000002}
  m_Children:
  - {fileID: 4837508943556520959}
  m_Father: {fileID: 6046297393727437258}
  m_RootOrder: 0
  m_LocalEulerAnglesHint: {x: -2.7240834, y: -2.2700565, z: 0.63195324}
--- !u!1 &3069671217306539845
GameObject:
  m_ObjectHideFlags: 0
  m_CorrespondingSourceObject: {fileID: 0}
  m_PrefabInstance: {fileID: 0}
  m_PrefabAsset: {fileID: 0}
  serializedVersion: 6
  m_Component:
  - component: {fileID: 4599967680879223837}
  - component: {fileID: 731461153785701429}
  - component: {fileID: 3696965205909962172}
  m_Layer: 5
  m_Name: tag
  m_TagString: Untagged
  m_Icon: {fileID: 0}
  m_NavMeshLayer: 0
  m_StaticEditorFlags: 0
  m_IsActive: 1
--- !u!224 &4599967680879223837
RectTransform:
  m_ObjectHideFlags: 0
  m_CorrespondingSourceObject: {fileID: 0}
  m_PrefabInstance: {fileID: 0}
  m_PrefabAsset: {fileID: 0}
  m_GameObject: {fileID: 3069671217306539845}
  m_LocalRotation: {x: 0, y: 0, z: 0, w: 1}
  m_LocalPosition: {x: 0, y: 0, z: 0}
  m_LocalScale: {x: 1, y: 1, z: 1}
  m_Children: []
  m_Father: {fileID: 6775339129582883747}
  m_RootOrder: 0
  m_LocalEulerAnglesHint: {x: 0, y: 0, z: 0}
  m_AnchorMin: {x: 0.5, y: 0.5}
  m_AnchorMax: {x: 0.5, y: 0.5}
  m_AnchoredPosition: {x: 0, y: 0}
  m_SizeDelta: {x: 160, y: 30}
  m_Pivot: {x: 0.5, y: 0.5}
--- !u!222 &731461153785701429
CanvasRenderer:
  m_ObjectHideFlags: 0
  m_CorrespondingSourceObject: {fileID: 0}
  m_PrefabInstance: {fileID: 0}
  m_PrefabAsset: {fileID: 0}
  m_GameObject: {fileID: 3069671217306539845}
  m_CullTransparentMesh: 0
--- !u!114 &3696965205909962172
MonoBehaviour:
  m_ObjectHideFlags: 0
  m_CorrespondingSourceObject: {fileID: 0}
  m_PrefabInstance: {fileID: 0}
  m_PrefabAsset: {fileID: 0}
  m_GameObject: {fileID: 3069671217306539845}
  m_Enabled: 0
  m_EditorHideFlags: 0
  m_Script: {fileID: 708705254, guid: f70555f144d8491a825f0804e09c671c, type: 3}
  m_Name: 
  m_EditorClassIdentifier: 
  m_Material: {fileID: 0}
  m_Color: {r: 0.19607843, g: 0.19607843, b: 0.19607843, a: 1}
  m_RaycastTarget: 1
  m_OnCullStateChanged:
    m_PersistentCalls:
      m_Calls: []
    m_TypeName: UnityEngine.UI.MaskableGraphic+CullStateChangedEvent, UnityEngine.UI,
      Version=1.0.0.0, Culture=neutral, PublicKeyToken=null
  m_FontData:
    m_Font: {fileID: 10102, guid: 0000000000000000e000000000000000, type: 0}
    m_FontSize: 14
    m_FontStyle: 0
    m_BestFit: 0
    m_MinSize: 10
    m_MaxSize: 40
    m_Alignment: 0
    m_AlignByGeometry: 0
    m_RichText: 1
    m_HorizontalOverflow: 0
    m_VerticalOverflow: 0
    m_LineSpacing: 1
  m_Text: Hop Objects
--- !u!1 &3149488171825885531
GameObject:
  m_ObjectHideFlags: 0
  m_CorrespondingSourceObject: {fileID: 0}
  m_PrefabInstance: {fileID: 0}
  m_PrefabAsset: {fileID: 0}
  serializedVersion: 6
  m_Component:
  - component: {fileID: 7469347208166953091}
  m_Layer: 0
  m_Name: PC_GrassHopperTail5 1
  m_TagString: Untagged
  m_Icon: {fileID: 0}
  m_NavMeshLayer: 0
  m_StaticEditorFlags: 0
  m_IsActive: 1
--- !u!4 &7469347208166953091
Transform:
  m_ObjectHideFlags: 0
  m_CorrespondingSourceObject: {fileID: 0}
  m_PrefabInstance: {fileID: 0}
  m_PrefabAsset: {fileID: 0}
  m_GameObject: {fileID: 3149488171825885531}
  m_LocalRotation: {x: 0.017269652, y: 0.028865328, z: 0.038406115, w: 0.9986959}
  m_LocalPosition: {x: -0.09932833, y: 0, z: 0}
  m_LocalScale: {x: 1, y: 0.99999994, z: 0.9999999}
  m_Children: []
  m_Father: {fileID: 6679725827973411258}
  m_RootOrder: 0
  m_LocalEulerAnglesHint: {x: 2.172758, y: 3.489047, z: 2.4787192}
--- !u!1 &3277389043654855456
GameObject:
  m_ObjectHideFlags: 0
  m_CorrespondingSourceObject: {fileID: 0}
  m_PrefabInstance: {fileID: 0}
  m_PrefabAsset: {fileID: 0}
  serializedVersion: 6
  m_Component:
  - component: {fileID: 2679953541612809256}
  m_Layer: 0
  m_Name: PC_GrassHopperSpine2 1
  m_TagString: Untagged
  m_Icon: {fileID: 0}
  m_NavMeshLayer: 0
  m_StaticEditorFlags: 0
  m_IsActive: 1
--- !u!4 &2679953541612809256
Transform:
  m_ObjectHideFlags: 0
  m_CorrespondingSourceObject: {fileID: 0}
  m_PrefabInstance: {fileID: 0}
  m_PrefabAsset: {fileID: 0}
  m_GameObject: {fileID: 3277389043654855456}
  m_LocalRotation: {x: -0.037953343, y: 0.10381101, z: 0.05646713, w: 0.99226725}
  m_LocalPosition: {x: -0.08593327, y: 0, z: -0.000000001513958}
  m_LocalScale: {x: 0.9999999, y: 0.99999976, z: 0.99999994}
  m_Children:
  - {fileID: 360490263208872614}
  m_Father: {fileID: 7715179248602342685}
  m_RootOrder: 0
  m_LocalEulerAnglesHint: {x: -4.9935465, y: 11.683125, z: 6.0028505}
--- !u!1 &3281701651286013243
GameObject:
  m_ObjectHideFlags: 0
  m_CorrespondingSourceObject: {fileID: 0}
  m_PrefabInstance: {fileID: 0}
  m_PrefabAsset: {fileID: 0}
  serializedVersion: 6
  m_Component:
  - component: {fileID: 1316306471806924975}
  m_Layer: 0
  m_Name: PC_GrassHopperSpine1
  m_TagString: Untagged
  m_Icon: {fileID: 0}
  m_NavMeshLayer: 0
  m_StaticEditorFlags: 0
  m_IsActive: 1
--- !u!4 &1316306471806924975
Transform:
  m_ObjectHideFlags: 0
  m_CorrespondingSourceObject: {fileID: 0}
  m_PrefabInstance: {fileID: 0}
  m_PrefabAsset: {fileID: 0}
  m_GameObject: {fileID: 3281701651286013243}
  m_LocalRotation: {x: -0.015104168, y: 0.004972205, z: -0.45941517, w: 0.8880793}
  m_LocalPosition: {x: -0, y: 0, z: 0}
  m_LocalScale: {x: 1.0000001, y: 1.0000001, z: 1.0000001}
  m_Children:
  - {fileID: 3983850212239714765}
  m_Father: {fileID: 6985932969471206534}
  m_RootOrder: 6
  m_LocalEulerAnglesHint: {x: -1.257257, y: 1.0194068, z: -54.43225}
--- !u!1 &3375770846560622969
GameObject:
  m_ObjectHideFlags: 0
  m_CorrespondingSourceObject: {fileID: 0}
  m_PrefabInstance: {fileID: 0}
  m_PrefabAsset: {fileID: 0}
  serializedVersion: 6
  m_Component:
  - component: {fileID: 8509560205903821830}
  m_Layer: 0
  m_Name: PC_GrassHopperLLeg2
  m_TagString: Untagged
  m_Icon: {fileID: 0}
  m_NavMeshLayer: 0
  m_StaticEditorFlags: 0
  m_IsActive: 1
--- !u!4 &8509560205903821830
Transform:
  m_ObjectHideFlags: 0
  m_CorrespondingSourceObject: {fileID: 0}
  m_PrefabInstance: {fileID: 0}
  m_PrefabAsset: {fileID: 0}
  m_GameObject: {fileID: 3375770846560622969}
  m_LocalRotation: {x: 0.01050828, y: 0.25672016, z: -0.5479758, w: 0.7960571}
  m_LocalPosition: {x: -0.2332369, y: 0, z: 0.000000024223327}
  m_LocalScale: {x: 1.0000013, y: 0.9999987, z: 1.0000001}
  m_Children:
  - {fileID: 819858943465067100}
  m_Father: {fileID: 2451548016422403429}
  m_RootOrder: 0
  m_LocalEulerAnglesHint: {x: 17.021862, y: 24.429129, z: -64.537}
--- !u!1 &3445661338512867217
GameObject:
  m_ObjectHideFlags: 0
  m_CorrespondingSourceObject: {fileID: 0}
  m_PrefabInstance: {fileID: 0}
  m_PrefabAsset: {fileID: 0}
  serializedVersion: 6
  m_Component:
  - component: {fileID: 6985932969471206534}
  m_Layer: 0
  m_Name: PC_GrassHopperHub001
  m_TagString: Untagged
  m_Icon: {fileID: 0}
  m_NavMeshLayer: 0
  m_StaticEditorFlags: 0
  m_IsActive: 1
--- !u!4 &6985932969471206534
Transform:
  m_ObjectHideFlags: 0
  m_CorrespondingSourceObject: {fileID: 0}
  m_PrefabInstance: {fileID: 0}
  m_PrefabAsset: {fileID: 0}
  m_GameObject: {fileID: 3445661338512867217}
  m_LocalRotation: {x: -0.5412713, y: 0.5861277, z: 0.4511188, w: -0.3999644}
  m_LocalPosition: {x: 0.010064211, y: 0.38200256, z: 0.24949114}
  m_LocalScale: {x: 0.99999994, y: 0.99999994, z: 1}
  m_Children:
  - {fileID: 340108288852194823}
  - {fileID: 903693567382129406}
  - {fileID: 2451548016422403429}
  - {fileID: 8549268169065623171}
  - {fileID: 1814372223797577875}
  - {fileID: 6875479355158132937}
  - {fileID: 1316306471806924975}
  - {fileID: 3392389782753924320}
  m_Father: {fileID: 6366107606874638361}
  m_RootOrder: 1
  m_LocalEulerAnglesHint: {x: -6.4052186, y: -106.01184, z: -87.29814}
--- !u!1 &3950615386115937014
GameObject:
  m_ObjectHideFlags: 0
  m_CorrespondingSourceObject: {fileID: 0}
  m_PrefabInstance: {fileID: 0}
  m_PrefabAsset: {fileID: 0}
  serializedVersion: 6
  m_Component:
  - component: {fileID: 6679725827973411258}
  m_Layer: 0
  m_Name: PC_GrassHopperTail4 1
  m_TagString: Untagged
  m_Icon: {fileID: 0}
  m_NavMeshLayer: 0
  m_StaticEditorFlags: 0
  m_IsActive: 1
--- !u!4 &6679725827973411258
Transform:
  m_ObjectHideFlags: 0
  m_CorrespondingSourceObject: {fileID: 0}
  m_PrefabInstance: {fileID: 0}
  m_PrefabAsset: {fileID: 0}
  m_GameObject: {fileID: 3950615386115937014}
  m_LocalRotation: {x: 0.0175108, y: 0.029379714, z: 0.039461732, w: 0.9986356}
  m_LocalPosition: {x: -0.09932833, y: 0, z: 0.000000024223327}
  m_LocalScale: {x: 0.9999998, y: 1, z: 0.9999998}
  m_Children:
  - {fileID: 7469347208166953091}
  m_Father: {fileID: 1127209311694351050}
  m_RootOrder: 0
  m_LocalEulerAnglesHint: {x: 2.2049718, y: 3.5819077, z: 2.605383}
--- !u!1 &4218085769081929512
GameObject:
  m_ObjectHideFlags: 0
  m_CorrespondingSourceObject: {fileID: 0}
  m_PrefabInstance: {fileID: 0}
  m_PrefabAsset: {fileID: 0}
  serializedVersion: 6
  m_Component:
  - component: {fileID: 5612010315452350072}
  m_Layer: 0
  m_Name: PC_GrassHopperTail5
  m_TagString: Untagged
  m_Icon: {fileID: 0}
  m_NavMeshLayer: 0
  m_StaticEditorFlags: 0
  m_IsActive: 1
--- !u!4 &5612010315452350072
Transform:
  m_ObjectHideFlags: 0
  m_CorrespondingSourceObject: {fileID: 0}
  m_PrefabInstance: {fileID: 0}
  m_PrefabAsset: {fileID: 0}
  m_GameObject: {fileID: 4218085769081929512}
  m_LocalRotation: {x: 0.000000014412024, y: 0.03453619, z: 0.000000014412019, w: 0.9994035}
  m_LocalPosition: {x: -0.18318489, y: 0, z: 0}
  m_LocalScale: {x: 1.0000002, y: 0.99999994, z: 1.0000004}
  m_Children: []
  m_Father: {fileID: 8989631985574443834}
  m_RootOrder: 0
  m_LocalEulerAnglesHint: {x: -0.0000032044188, y: -2.087186, z: -0.0000015248764}
--- !u!1 &4576152811001918803
GameObject:
  m_ObjectHideFlags: 0
  m_CorrespondingSourceObject: {fileID: 0}
  m_PrefabInstance: {fileID: 0}
  m_PrefabAsset: {fileID: 0}
  serializedVersion: 6
  m_Component:
  - component: {fileID: 6875479355158132937}
  m_Layer: 0
  m_Name: PC_GrassHopperRLeg1 1
  m_TagString: Untagged
  m_Icon: {fileID: 0}
  m_NavMeshLayer: 0
  m_StaticEditorFlags: 0
  m_IsActive: 1
--- !u!4 &6875479355158132937
Transform:
  m_ObjectHideFlags: 0
  m_CorrespondingSourceObject: {fileID: 0}
  m_PrefabInstance: {fileID: 0}
  m_PrefabAsset: {fileID: 0}
  m_GameObject: {fileID: 4576152811001918803}
  m_LocalRotation: {x: 0.68379194, y: 0.5568957, z: -0.13356625, w: -0.45216793}
  m_LocalPosition: {x: 0.13012953, y: -0.039791916, z: -0.07718125}
  m_LocalScale: {x: 1.0000001, y: 1.0000004, z: 1.0000002}
  m_Children:
  - {fileID: 1889573687374015651}
  m_Father: {fileID: 6985932969471206534}
  m_RootOrder: 5
  m_LocalEulerAnglesHint: {x: -29.753712, y: -128.41455, z: 90.63323}
--- !u!1 &4617925084299209218
GameObject:
  m_ObjectHideFlags: 0
  m_CorrespondingSourceObject: {fileID: 0}
  m_PrefabInstance: {fileID: 0}
  m_PrefabAsset: {fileID: 0}
  serializedVersion: 6
  m_Component:
  - component: {fileID: 4179981340626403753}
  m_Layer: 0
  m_Name: PC_GrassHopperLArmPalm
  m_TagString: Untagged
  m_Icon: {fileID: 0}
  m_NavMeshLayer: 0
  m_StaticEditorFlags: 0
  m_IsActive: 1
--- !u!4 &4179981340626403753
Transform:
  m_ObjectHideFlags: 0
  m_CorrespondingSourceObject: {fileID: 0}
  m_PrefabInstance: {fileID: 0}
  m_PrefabAsset: {fileID: 0}
  m_GameObject: {fileID: 4617925084299209218}
  m_LocalRotation: {x: 0.06424025, y: -0.16647701, z: -0.6398577, w: 0.74748963}
  m_LocalPosition: {x: -0.27232388, y: 0, z: 0.000000006055832}
  m_LocalScale: {x: 1.0000193, y: 0.99998444, z: 0.9999967}
  m_Children: []
  m_Father: {fileID: 7923106778674328956}
  m_RootOrder: 0
  m_LocalEulerAnglesHint: {x: -9.571002, y: -17.97818, z: -82.3919}
--- !u!1 &4727224821917200702
GameObject:
  m_ObjectHideFlags: 0
  m_CorrespondingSourceObject: {fileID: 0}
  m_PrefabInstance: {fileID: 0}
  m_PrefabAsset: {fileID: 0}
  serializedVersion: 6
  m_Component:
  - component: {fileID: 2451548016422403429}
  m_Layer: 0
  m_Name: PC_GrassHopperLLeg1
  m_TagString: Untagged
  m_Icon: {fileID: 0}
  m_NavMeshLayer: 0
  m_StaticEditorFlags: 0
  m_IsActive: 1
--- !u!4 &2451548016422403429
Transform:
  m_ObjectHideFlags: 0
  m_CorrespondingSourceObject: {fileID: 0}
  m_PrefabInstance: {fileID: 0}
  m_PrefabAsset: {fileID: 0}
  m_GameObject: {fileID: 4727224821917200702}
  m_LocalRotation: {x: 0.34632027, y: 0.84370786, z: -0.04672849, w: 0.4074749}
  m_LocalPosition: {x: 0.06827844, y: 0.092544034, z: 0.10713421}
  m_LocalScale: {x: 1.0000011, y: 1, z: 0.9999994}
  m_Children:
  - {fileID: 8509560205903821830}
  m_Father: {fileID: 6985932969471206534}
  m_RootOrder: 2
  m_LocalEulerAnglesHint: {x: 21.425575, y: 137.46611, z: 38.26598}
--- !u!1 &4793749862658787395
GameObject:
  m_ObjectHideFlags: 0
  m_CorrespondingSourceObject: {fileID: 0}
  m_PrefabInstance: {fileID: 0}
  m_PrefabAsset: {fileID: 0}
  serializedVersion: 6
  m_Component:
  - component: {fileID: 1127209311694351050}
  m_Layer: 0
  m_Name: PC_GrassHopperTail3 1
  m_TagString: Untagged
  m_Icon: {fileID: 0}
  m_NavMeshLayer: 0
  m_StaticEditorFlags: 0
  m_IsActive: 1
--- !u!4 &1127209311694351050
Transform:
  m_ObjectHideFlags: 0
  m_CorrespondingSourceObject: {fileID: 0}
  m_PrefabInstance: {fileID: 0}
  m_PrefabAsset: {fileID: 0}
  m_GameObject: {fileID: 4793749862658787395}
  m_LocalRotation: {x: 0.01768928, y: 0.029749872, z: 0.04027894, w: 0.99858886}
  m_LocalPosition: {x: -0.09932833, y: 0, z: -0.000000024223327}
  m_LocalScale: {x: 1.0000001, y: 1, z: 0.99999994}
  m_Children:
  - {fileID: 6679725827973411258}
  m_Father: {fileID: 8752092639976899073}
  m_RootOrder: 0
  m_LocalEulerAnglesHint: {x: 2.2282853, y: 3.6503882, z: 2.7039108}
--- !u!1 &5031027999635349081
GameObject:
  m_ObjectHideFlags: 0
  m_CorrespondingSourceObject: {fileID: 0}
  m_PrefabInstance: {fileID: 0}
  m_PrefabAsset: {fileID: 0}
  serializedVersion: 6
  m_Component:
  - component: {fileID: 8752092639976899073}
  m_Layer: 0
  m_Name: PC_GrassHopperTail2 1
  m_TagString: Untagged
  m_Icon: {fileID: 0}
  m_NavMeshLayer: 0
  m_StaticEditorFlags: 0
  m_IsActive: 1
--- !u!4 &8752092639976899073
Transform:
  m_ObjectHideFlags: 0
  m_CorrespondingSourceObject: {fileID: 0}
  m_PrefabInstance: {fileID: 0}
  m_PrefabAsset: {fileID: 0}
  m_GameObject: {fileID: 5031027999635349081}
  m_LocalRotation: {x: 0.017809743, y: 0.029987084, z: 0.040835917, w: 0.998557}
  m_LocalPosition: {x: -0.09932833, y: 0.000000024223327, z: 0}
  m_LocalScale: {x: 1, y: 1.0000001, z: 1}
  m_Children:
  - {fileID: 1127209311694351050}
  m_Father: {fileID: 1295382898184849514}
  m_RootOrder: 0
  m_LocalEulerAnglesHint: {x: 2.2436848, y: 3.695123, z: 2.7713764}
--- !u!1 &5111435802951379048
GameObject:
  m_ObjectHideFlags: 0
  m_CorrespondingSourceObject: {fileID: 0}
  m_PrefabInstance: {fileID: 0}
  m_PrefabAsset: {fileID: 0}
  serializedVersion: 6
  m_Component:
  - component: {fileID: 903693567382129406}
  m_Layer: 0
  m_Name: PC_GrassHopperHub001Bone002
  m_TagString: Untagged
  m_Icon: {fileID: 0}
  m_NavMeshLayer: 0
  m_StaticEditorFlags: 0
  m_IsActive: 1
--- !u!4 &903693567382129406
Transform:
  m_ObjectHideFlags: 0
  m_CorrespondingSourceObject: {fileID: 0}
  m_PrefabInstance: {fileID: 0}
  m_PrefabAsset: {fileID: 0}
  m_GameObject: {fileID: 5111435802951379048}
  m_LocalRotation: {x: 0.1455392, y: 0.1438707, z: 0.50611794, w: 0.8378331}
  m_LocalPosition: {x: -0.059612107, y: -0.012779671, z: -0.08816813}
  m_LocalScale: {x: 0.9999997, y: 1, z: 0.9999999}
  m_Children: []
  m_Father: {fileID: 6985932969471206534}
  m_RootOrder: 1
  m_LocalEulerAnglesHint: {x: 5.387978, y: 22.270285, z: 83.36403}
--- !u!1 &5169836136033238643
GameObject:
  m_ObjectHideFlags: 0
  m_CorrespondingSourceObject: {fileID: 0}
  m_PrefabInstance: {fileID: 0}
  m_PrefabAsset: {fileID: 0}
  serializedVersion: 6
  m_Component:
  - component: {fileID: 6775339129582883747}
  - component: {fileID: 3714839846255705484}
  - component: {fileID: 1251872260485679155}
  - component: {fileID: 8296503894267313248}
  m_Layer: 5
  m_Name: tagCanvas
  m_TagString: Untagged
  m_Icon: {fileID: 0}
  m_NavMeshLayer: 0
  m_StaticEditorFlags: 0
  m_IsActive: 1
--- !u!224 &6775339129582883747
RectTransform:
  m_ObjectHideFlags: 0
  m_CorrespondingSourceObject: {fileID: 0}
  m_PrefabInstance: {fileID: 0}
  m_PrefabAsset: {fileID: 0}
  m_GameObject: {fileID: 5169836136033238643}
  m_LocalRotation: {x: 0, y: 0, z: 0, w: 1}
  m_LocalPosition: {x: 0, y: 0, z: 0}
  m_LocalScale: {x: 0, y: 0, z: 0}
  m_Children:
  - {fileID: 4599967680879223837}
  m_Father: {fileID: 6366107606874638361}
  m_RootOrder: 3
  m_LocalEulerAnglesHint: {x: 0, y: 0, z: 0}
  m_AnchorMin: {x: 0, y: 0}
  m_AnchorMax: {x: 0, y: 0}
  m_AnchoredPosition: {x: 0, y: 0}
  m_SizeDelta: {x: 0, y: 0}
  m_Pivot: {x: 0, y: 0}
--- !u!223 &3714839846255705484
Canvas:
  m_ObjectHideFlags: 0
  m_CorrespondingSourceObject: {fileID: 0}
  m_PrefabInstance: {fileID: 0}
  m_PrefabAsset: {fileID: 0}
  m_GameObject: {fileID: 5169836136033238643}
  m_Enabled: 1
  serializedVersion: 3
  m_RenderMode: 0
  m_Camera: {fileID: 0}
  m_PlaneDistance: 100
  m_PixelPerfect: 0
  m_ReceivesEvents: 1
  m_OverrideSorting: 0
  m_OverridePixelPerfect: 0
  m_SortingBucketNormalizedSize: 0
  m_AdditionalShaderChannelsFlag: 0
  m_SortingLayerID: 0
  m_SortingOrder: 0
  m_TargetDisplay: 0
--- !u!114 &1251872260485679155
MonoBehaviour:
  m_ObjectHideFlags: 0
  m_CorrespondingSourceObject: {fileID: 0}
  m_PrefabInstance: {fileID: 0}
  m_PrefabAsset: {fileID: 0}
  m_GameObject: {fileID: 5169836136033238643}
  m_Enabled: 1
  m_EditorHideFlags: 0
  m_Script: {fileID: 1980459831, guid: f70555f144d8491a825f0804e09c671c, type: 3}
  m_Name: 
  m_EditorClassIdentifier: 
  m_UiScaleMode: 0
  m_ReferencePixelsPerUnit: 100
  m_ScaleFactor: 1
  m_ReferenceResolution: {x: 800, y: 600}
  m_ScreenMatchMode: 0
  m_MatchWidthOrHeight: 0
  m_PhysicalUnit: 3
  m_FallbackScreenDPI: 96
  m_DefaultSpriteDPI: 96
  m_DynamicPixelsPerUnit: 1
--- !u!114 &8296503894267313248
MonoBehaviour:
  m_ObjectHideFlags: 0
  m_CorrespondingSourceObject: {fileID: 0}
  m_PrefabInstance: {fileID: 0}
  m_PrefabAsset: {fileID: 0}
  m_GameObject: {fileID: 5169836136033238643}
  m_Enabled: 1
  m_EditorHideFlags: 0
  m_Script: {fileID: 1301386320, guid: f70555f144d8491a825f0804e09c671c, type: 3}
  m_Name: 
  m_EditorClassIdentifier: 
  m_IgnoreReversedGraphics: 1
  m_BlockingObjects: 0
  m_BlockingMask:
    serializedVersion: 2
    m_Bits: 4294967295
--- !u!1 &5188601509535961165
GameObject:
  m_ObjectHideFlags: 0
  m_CorrespondingSourceObject: {fileID: 0}
  m_PrefabInstance: {fileID: 0}
  m_PrefabAsset: {fileID: 0}
  serializedVersion: 6
  m_Component:
  - component: {fileID: 2594574602237022742}
  m_Layer: 0
  m_Name: PC_GrassHopperRArmPalm
  m_TagString: Untagged
  m_Icon: {fileID: 0}
  m_NavMeshLayer: 0
  m_StaticEditorFlags: 0
  m_IsActive: 1
--- !u!4 &2594574602237022742
Transform:
  m_ObjectHideFlags: 0
  m_CorrespondingSourceObject: {fileID: 0}
  m_PrefabInstance: {fileID: 0}
  m_PrefabAsset: {fileID: 0}
  m_GameObject: {fileID: 5188601509535961165}
  m_LocalRotation: {x: -0.026451975, y: 0.24546106, z: -0.57153445, w: 0.7825583}
  m_LocalPosition: {x: -0.26428306, y: 0.000000048446655, z: 0}
  m_LocalScale: {x: 0.9999994, y: 0.99999875, z: 1.0000014}
  m_Children: []
  m_Father: {fileID: 3815853720903012687}
  m_RootOrder: 0
  m_LocalEulerAnglesHint: {x: 6.274538, y: 25.758224, z: -71.37612}
--- !u!1 &5243581335747879783
GameObject:
  m_ObjectHideFlags: 0
  m_CorrespondingSourceObject: {fileID: 0}
  m_PrefabInstance: {fileID: 0}
  m_PrefabAsset: {fileID: 0}
  serializedVersion: 6
  m_Component:
  - component: {fileID: 360490263208872614}
  m_Layer: 0
  m_Name: PC_GrassHopperHub003
  m_TagString: Untagged
  m_Icon: {fileID: 0}
  m_NavMeshLayer: 0
  m_StaticEditorFlags: 0
  m_IsActive: 1
--- !u!4 &360490263208872614
Transform:
  m_ObjectHideFlags: 0
  m_CorrespondingSourceObject: {fileID: 0}
  m_PrefabInstance: {fileID: 0}
  m_PrefabAsset: {fileID: 0}
  m_GameObject: {fileID: 5243581335747879783}
  m_LocalRotation: {x: 0.027268793, y: 0.016508274, z: 0.6658664, w: 0.74538976}
  m_LocalPosition: {x: -0.02343636, y: 0.000000048446655, z: 0}
  m_LocalScale: {x: 1.0000002, y: 0.9999997, z: 0.9999998}
  m_Children:
  - {fileID: 1295382898184849514}
  - {fileID: 1593475698296068628}
  m_Father: {fileID: 2679953541612809256}
  m_RootOrder: 0
  m_LocalEulerAnglesHint: {x: 1.0696108, y: 3.493514, z: 83.582275}
--- !u!1 &5879828545348992490
GameObject:
  m_ObjectHideFlags: 0
  m_CorrespondingSourceObject: {fileID: 0}
  m_PrefabInstance: {fileID: 0}
  m_PrefabAsset: {fileID: 0}
  serializedVersion: 6
  m_Component:
  - component: {fileID: 1386602244187063547}
  m_Layer: 0
  m_Name: PC_GrassHopperRArmCollarbone
  m_TagString: Untagged
  m_Icon: {fileID: 0}
  m_NavMeshLayer: 0
  m_StaticEditorFlags: 0
  m_IsActive: 1
--- !u!4 &1386602244187063547
Transform:
  m_ObjectHideFlags: 0
  m_CorrespondingSourceObject: {fileID: 0}
  m_PrefabInstance: {fileID: 0}
  m_PrefabAsset: {fileID: 0}
  m_GameObject: {fileID: 5879828545348992490}
  m_LocalRotation: {x: -0.084186785, y: -0.7347127, z: 0.061944164, w: 0.67027813}
  m_LocalPosition: {x: 0.09278419, y: 0.031017728, z: -0.0029482734}
  m_LocalScale: {x: 1.0000001, y: 0.9999998, z: 0.9999999}
  m_Children:
  - {fileID: 8173239683569275479}
  m_Father: {fileID: 5947701429703425315}
  m_RootOrder: 1
  m_LocalEulerAnglesHint: {x: -1.2511411, y: -95.38241, z: 11.934603}
--- !u!1 &6131638966027468323
GameObject:
  m_ObjectHideFlags: 0
  m_CorrespondingSourceObject: {fileID: 0}
  m_PrefabInstance: {fileID: 0}
  m_PrefabAsset: {fileID: 0}
  serializedVersion: 6
  m_Component:
  - component: {fileID: 1295382898184849514}
  m_Layer: 0
  m_Name: PC_GrassHopperTail1 1
  m_TagString: Untagged
  m_Icon: {fileID: 0}
  m_NavMeshLayer: 0
  m_StaticEditorFlags: 0
  m_IsActive: 1
--- !u!4 &1295382898184849514
Transform:
  m_ObjectHideFlags: 0
  m_CorrespondingSourceObject: {fileID: 0}
  m_PrefabInstance: {fileID: 0}
  m_PrefabAsset: {fileID: 0}
  m_GameObject: {fileID: 6131638966027468323}
  m_LocalRotation: {x: 0.02823094, y: 0.020700863, z: -0.35312048, w: 0.9349227}
  m_LocalPosition: {x: -0.05659921, y: 0.037829474, z: 0.04107369}
  m_LocalScale: {x: 0.99999994, y: 0.99999994, z: 1.0000001}
  m_Children:
  - {fileID: 8752092639976899073}
  m_Father: {fileID: 360490263208872614}
  m_RootOrder: 0
  m_LocalEulerAnglesHint: {x: 4.239035, y: 0.9544368, z: -43.332363}
--- !u!1 &6145032851920517320
GameObject:
  m_ObjectHideFlags: 0
  m_CorrespondingSourceObject: {fileID: 0}
  m_PrefabInstance: {fileID: 0}
  m_PrefabAsset: {fileID: 0}
  serializedVersion: 6
  m_Component:
  - component: {fileID: 2015947799209158835}
  m_Layer: 0
  m_Name: PC_GrassHopperLLegAnkle 1
  m_TagString: Untagged
  m_Icon: {fileID: 0}
  m_NavMeshLayer: 0
  m_StaticEditorFlags: 0
  m_IsActive: 1
--- !u!4 &2015947799209158835
Transform:
  m_ObjectHideFlags: 0
  m_CorrespondingSourceObject: {fileID: 0}
  m_PrefabInstance: {fileID: 0}
  m_PrefabAsset: {fileID: 0}
  m_GameObject: {fileID: 6145032851920517320}
  m_LocalRotation: {x: 0.25438115, y: -0.09705973, z: 0.5934754, w: 0.7574012}
  m_LocalPosition: {x: -0.43824637, y: 0, z: -0.000000024223327}
  m_LocalScale: {x: 1.0000039, y: 0.9999975, z: 0.99999875}
  m_Children: []
  m_Father: {fileID: 4108794162600414841}
  m_RootOrder: 0
  m_LocalEulerAnglesHint: {x: 31.294771, y: 12.356566, z: 79.400475}
--- !u!1 &6256302486621797394
GameObject:
  m_ObjectHideFlags: 0
  m_CorrespondingSourceObject: {fileID: 0}
  m_PrefabInstance: {fileID: 0}
  m_PrefabAsset: {fileID: 0}
  serializedVersion: 6
  m_Component:
  - component: {fileID: 8549268169065623171}
  m_Layer: 0
  m_Name: PC_GrassHopperLLeg1 1
  m_TagString: Untagged
  m_Icon: {fileID: 0}
  m_NavMeshLayer: 0
  m_StaticEditorFlags: 0
  m_IsActive: 1
--- !u!4 &8549268169065623171
Transform:
  m_ObjectHideFlags: 0
  m_CorrespondingSourceObject: {fileID: 0}
  m_PrefabInstance: {fileID: 0}
  m_PrefabAsset: {fileID: 0}
  m_GameObject: {fileID: 6256302486621797394}
  m_LocalRotation: {x: 0.6523285, y: 0.6003869, z: -0.053723045, w: 0.45947468}
  m_LocalPosition: {x: 0.13012907, y: -0.03979177, z: 0.07718113}
  m_LocalScale: {x: 1.0000005, y: 1, z: 1.0000005}
  m_Children:
  - {fileID: 4108794162600414841}
  m_Father: {fileID: 6985932969471206534}
  m_RootOrder: 3
  m_LocalEulerAnglesHint: {x: 41.526844, y: 141.09389, z: 81.589134}
--- !u!1 &6455204248066780931
GameObject:
  m_ObjectHideFlags: 0
  m_CorrespondingSourceObject: {fileID: 0}
  m_PrefabInstance: {fileID: 0}
  m_PrefabAsset: {fileID: 0}
  serializedVersion: 6
  m_Component:
  - component: {fileID: 1814372223797577875}
  m_Layer: 0
  m_Name: PC_GrassHopperRLeg1
  m_TagString: Untagged
  m_Icon: {fileID: 0}
  m_NavMeshLayer: 0
  m_StaticEditorFlags: 0
  m_IsActive: 1
--- !u!4 &1814372223797577875
Transform:
  m_ObjectHideFlags: 0
  m_CorrespondingSourceObject: {fileID: 0}
  m_PrefabInstance: {fileID: 0}
  m_PrefabAsset: {fileID: 0}
  m_GameObject: {fileID: 6455204248066780931}
  m_LocalRotation: {x: 0.31611243, y: 0.80499965, z: -0.18742862, w: -0.46574566}
  m_LocalPosition: {x: 0.06827846, y: 0.09254401, z: -0.10713419}
  m_LocalScale: {x: 1.0000012, y: 1.0000004, z: 0.99999917}
  m_Children:
  - {fileID: 1443520622458535873}
  m_Father: {fileID: 6985932969471206534}
  m_RootOrder: 4
  m_LocalEulerAnglesHint: {x: -0.45916456, y: -118.426025, z: 45.272247}
--- !u!1 &6874402151960779169
GameObject:
  m_ObjectHideFlags: 0
  m_CorrespondingSourceObject: {fileID: 0}
  m_PrefabInstance: {fileID: 0}
  m_PrefabAsset: {fileID: 0}
  serializedVersion: 6
  m_Component:
  - component: {fileID: 5947701429703425315}
  m_Layer: 0
  m_Name: PC_GrassHopperHub002
  m_TagString: Untagged
  m_Icon: {fileID: 0}
  m_NavMeshLayer: 0
  m_StaticEditorFlags: 0
  m_IsActive: 1
--- !u!4 &5947701429703425315
Transform:
  m_ObjectHideFlags: 0
  m_CorrespondingSourceObject: {fileID: 0}
  m_PrefabInstance: {fileID: 0}
  m_PrefabAsset: {fileID: 0}
  m_GameObject: {fileID: 6874402151960779169}
  m_LocalRotation: {x: -0.009461016, y: -0.001629738, z: 0.8113354, w: 0.58450216}
  m_LocalPosition: {x: -0.06678721, y: -0.000000048446655, z: 7.56979e-10}
  m_LocalScale: {x: 0.9999999, y: 0.99999934, z: 0.99999976}
  m_Children:
  - {fileID: 1972107303084555656}
  - {fileID: 1386602244187063547}
  - {fileID: 7715179248602342685}
  m_Father: {fileID: 4474636805884808813}
  m_RootOrder: 0
  m_LocalEulerAnglesHint: {x: -0.024709702, y: -1.26653, z: 108.74423}
--- !u!1 &6952341164719039359
GameObject:
  m_ObjectHideFlags: 0
  m_CorrespondingSourceObject: {fileID: 0}
  m_PrefabInstance: {fileID: 0}
  m_PrefabAsset: {fileID: 0}
  serializedVersion: 6
  m_Component:
  - component: {fileID: 3815853720903012687}
  m_Layer: 0
  m_Name: PC_GrassHopperRArm2
  m_TagString: Untagged
  m_Icon: {fileID: 0}
  m_NavMeshLayer: 0
  m_StaticEditorFlags: 0
  m_IsActive: 1
--- !u!4 &3815853720903012687
Transform:
  m_ObjectHideFlags: 0
  m_CorrespondingSourceObject: {fileID: 0}
  m_PrefabInstance: {fileID: 0}
  m_PrefabAsset: {fileID: 0}
  m_GameObject: {fileID: 6952341164719039359}
  m_LocalRotation: {x: -0.15351349, y: -0.31228405, z: 0.54934275, w: 0.7596939}
  m_LocalPosition: {x: -0.22243126, y: 0.000000048446655, z: 0.000000024223327}
  m_LocalScale: {x: 1.0000005, y: 0.99999946, z: 0.9999997}
  m_Children:
  - {fileID: 2594574602237022742}
  m_Father: {fileID: 8173239683569275479}
  m_RootOrder: 0
  m_LocalEulerAnglesHint: {x: 7.4318075, y: -40.668972, z: 70.71899}
--- !u!1 &7186968123608881996
GameObject:
  m_ObjectHideFlags: 0
  m_CorrespondingSourceObject: {fileID: 0}
  m_PrefabInstance: {fileID: 0}
  m_PrefabAsset: {fileID: 0}
  serializedVersion: 6
  m_Component:
  - component: {fileID: 3339096098893462438}
  m_Layer: 0
  m_Name: PC_GrassHopperRLegAnkle 1
  m_TagString: Untagged
  m_Icon: {fileID: 0}
  m_NavMeshLayer: 0
  m_StaticEditorFlags: 0
  m_IsActive: 1
--- !u!4 &3339096098893462438
Transform:
  m_ObjectHideFlags: 0
  m_CorrespondingSourceObject: {fileID: 0}
  m_PrefabInstance: {fileID: 0}
  m_PrefabAsset: {fileID: 0}
  m_GameObject: {fileID: 7186968123608881996}
  m_LocalRotation: {x: -0.07705437, y: 0.13189551, z: 0.69377, w: 0.70381063}
  m_LocalPosition: {x: -0.43824583, y: 0, z: -0.000000024223327}
  m_LocalScale: {x: 0.9999872, y: 1.0000125, z: 1.0000001}
  m_Children: []
  m_Father: {fileID: 1889573687374015651}
  m_RootOrder: 0
  m_LocalEulerAnglesHint: {x: -17.016369, y: 3.7564344, z: 87.57542}
--- !u!1 &7409036572575405362
GameObject:
  m_ObjectHideFlags: 0
  m_CorrespondingSourceObject: {fileID: 0}
  m_PrefabInstance: {fileID: 0}
  m_PrefabAsset: {fileID: 0}
  serializedVersion: 6
  m_Component:
  - component: {fileID: 8914920961115525390}
  - component: {fileID: 9153520565528978258}
  m_Layer: 0
  m_Name: PC_GrassHopper
  m_TagString: Untagged
  m_Icon: {fileID: 0}
  m_NavMeshLayer: 0
  m_StaticEditorFlags: 0
  m_IsActive: 1
--- !u!4 &8914920961115525390
Transform:
  m_ObjectHideFlags: 0
  m_CorrespondingSourceObject: {fileID: 0}
  m_PrefabInstance: {fileID: 0}
  m_PrefabAsset: {fileID: 0}
  m_GameObject: {fileID: 7409036572575405362}
  m_LocalRotation: {x: -0.0009376774, y: 0.7032972, z: 0.71089506, w: 0.00067516195}
  m_LocalPosition: {x: 0.00059743127, y: 0.37923852, z: -0.05938447}
  m_LocalScale: {x: 0.40776435, y: 0.4077643, z: 0.40776435}
  m_Children: []
  m_Father: {fileID: 6366107606874638361}
  m_RootOrder: 0
  m_LocalEulerAnglesHint: {x: -89.38419, y: -2.0441928, z: -178.08649}
--- !u!137 &9153520565528978258
SkinnedMeshRenderer:
  m_ObjectHideFlags: 0
  m_CorrespondingSourceObject: {fileID: 0}
  m_PrefabInstance: {fileID: 0}
  m_PrefabAsset: {fileID: 0}
  m_GameObject: {fileID: 7409036572575405362}
  m_Enabled: 1
  m_CastShadows: 1
  m_ReceiveShadows: 1
  m_DynamicOccludee: 1
  m_MotionVectors: 1
  m_LightProbeUsage: 1
  m_ReflectionProbeUsage: 1
  m_RenderingLayerMask: 1
  m_RendererPriority: 0
  m_Materials:
  - {fileID: 2100000, guid: 6893d580f6b414336b756cde016c3713, type: 2}
  m_StaticBatchInfo:
    firstSubMesh: 0
    subMeshCount: 0
  m_StaticBatchRoot: {fileID: 0}
  m_ProbeAnchor: {fileID: 0}
  m_LightProbeVolumeOverride: {fileID: 0}
  m_ScaleInLightmap: 1
  m_PreserveUVs: 0
  m_IgnoreNormalsForChartDetection: 0
  m_ImportantGI: 0
  m_StitchLightmapSeams: 1
  m_SelectedEditorRenderState: 3
  m_MinimumChartSize: 4
  m_AutoUVMaxDistance: 0.5
  m_AutoUVMaxAngle: 89
  m_LightmapParameters: {fileID: 0}
  m_SortingLayerID: 0
  m_SortingLayer: 0
  m_SortingOrder: 0
  serializedVersion: 2
  m_Quality: 0
  m_UpdateWhenOffscreen: 0
  m_SkinnedMotionVectors: 1
  m_Mesh: {fileID: 2126714484154802523, guid: c5ee858d1e7cc7341b468f235864a2a8, type: 3}
  m_Bones:
  - {fileID: 6985932969471206534}
  - {fileID: 340108288852194823}
  - {fileID: 3392389782753924320}
  - {fileID: 5947701429703425315}
  - {fileID: 1316306471806924975}
  - {fileID: 3983850212239714765}
  - {fileID: 3859580724959434625}
  - {fileID: 8549268169065623171}
  - {fileID: 1391834417974537875}
  - {fileID: 360490263208872614}
  - {fileID: 7715179248602342685}
  - {fileID: 2679953541612809256}
  - {fileID: 1295382898184849514}
  - {fileID: 4474636805884808813}
  - {fileID: 8989631985574443834}
  - {fileID: 5612010315452350072}
  - {fileID: 2451548016422403429}
  - {fileID: 1500610877032832362}
  - {fileID: 1972107303084555656}
  - {fileID: 1386602244187063547}
  - {fileID: 7923106778674328956}
  - {fileID: 4179981340626403753}
  - {fileID: 1593475698296068628}
  - {fileID: 8752092639976899073}
  - {fileID: 1127209311694351050}
  - {fileID: 6679725827973411258}
  - {fileID: 7469347208166953091}
  - {fileID: 8509560205903821830}
  - {fileID: 819858943465067100}
  - {fileID: 4108794162600414841}
  - {fileID: 2015947799209158835}
  - {fileID: 6046297393727437258}
  - {fileID: 903693567382129406}
  - {fileID: 6875479355158132937}
  - {fileID: 8173239683569275479}
  - {fileID: 1814372223797577875}
  - {fileID: 3815853720903012687}
  - {fileID: 2594574602237022742}
  - {fileID: 8208208949818454539}
  - {fileID: 4837508943556520959}
  - {fileID: 107041715095472915}
  - {fileID: 1443520622458535873}
  - {fileID: 4407985600635176241}
  - {fileID: 1889573687374015651}
  - {fileID: 3339096098893462438}
  m_BlendShapeWeights: []
  m_RootBone: {fileID: 6985932969471206534}
  m_AABB:
    m_Center: {x: -0.110507, y: -0.3231231, z: 0.0648855}
    m_Extent: {x: 0.5708003, y: 0.8723384, z: 0.5261097}
  m_DirtyAABB: 0
--- !u!1 &7443972729417696239
GameObject:
  m_ObjectHideFlags: 0
  m_CorrespondingSourceObject: {fileID: 0}
  m_PrefabInstance: {fileID: 0}
  m_PrefabAsset: {fileID: 0}
  serializedVersion: 6
  m_Component:
  - component: {fileID: 6046297393727437258}
  m_Layer: 0
  m_Name: PC_GrassHopperTail2 2
  m_TagString: Untagged
  m_Icon: {fileID: 0}
  m_NavMeshLayer: 0
  m_StaticEditorFlags: 0
  m_IsActive: 1
--- !u!4 &6046297393727437258
Transform:
  m_ObjectHideFlags: 0
  m_CorrespondingSourceObject: {fileID: 0}
  m_PrefabInstance: {fileID: 0}
  m_PrefabAsset: {fileID: 0}
  m_GameObject: {fileID: 7443972729417696239}
  m_LocalRotation: {x: 0.023065135, y: -0.02522047, z: 0.06574473, w: 0.99725103}
  m_LocalPosition: {x: -0.11139625, y: 0, z: 0.000000012111664}
  m_LocalScale: {x: 0.9999997, y: 0.9999998, z: 1.0000001}
  m_Children:
  - {fileID: 8208208949818454539}
  m_Father: {fileID: 1593475698296068628}
  m_RootOrder: 0
  m_LocalEulerAnglesHint: {x: -2.8426712, y: -2.403179, z: 0.72286487}
--- !u!1 &7927369964250085898
GameObject:
  m_ObjectHideFlags: 0
  m_CorrespondingSourceObject: {fileID: 0}
  m_PrefabInstance: {fileID: 0}
  m_PrefabAsset: {fileID: 0}
  serializedVersion: 6
  m_Component:
  - component: {fileID: 6366107606874638361}
  - component: {fileID: 8296172669155594012}
  m_Layer: 0
  m_Name: GrassHopper
  m_TagString: Untagged
  m_Icon: {fileID: 0}
  m_NavMeshLayer: 0
  m_StaticEditorFlags: 0
  m_IsActive: 1
--- !u!4 &6366107606874638361
Transform:
  m_ObjectHideFlags: 0
  m_CorrespondingSourceObject: {fileID: 0}
  m_PrefabInstance: {fileID: 0}
  m_PrefabAsset: {fileID: 0}
  m_GameObject: {fileID: 7927369964250085898}
  m_LocalRotation: {x: 0, y: 0, z: 0, w: 1}
  m_LocalPosition: {x: 0, y: 0, z: 0}
  m_LocalScale: {x: 1, y: 1, z: 1}
  m_Children:
  - {fileID: 8914920961115525390}
  - {fileID: 6985932969471206534}
  - {fileID: 6323189067103290713}
  - {fileID: 6775339129582883747}
  m_Father: {fileID: 0}
  m_RootOrder: 0
  m_LocalEulerAnglesHint: {x: 0, y: 0, z: 0}
--- !u!111 &8296172669155594012
Animation:
  m_ObjectHideFlags: 0
  m_CorrespondingSourceObject: {fileID: 0}
  m_PrefabInstance: {fileID: 0}
  m_PrefabAsset: {fileID: 0}
  m_GameObject: {fileID: 7927369964250085898}
  m_Enabled: 1
  serializedVersion: 3
  m_Animation: {fileID: 1827226128182048838, guid: c5ee858d1e7cc7341b468f235864a2a8,
    type: 3}
  m_Animations:
  - {fileID: 1827226128182048838, guid: c5ee858d1e7cc7341b468f235864a2a8, type: 3}
  m_WrapMode: 0
  m_PlayAutomatically: 1
  m_AnimatePhysics: 0
  m_CullingType: 0
--- !u!1 &7930776517430220405
GameObject:
  m_ObjectHideFlags: 0
  m_CorrespondingSourceObject: {fileID: 0}
  m_PrefabInstance: {fileID: 0}
  m_PrefabAsset: {fileID: 0}
  serializedVersion: 6
  m_Component:
  - component: {fileID: 340108288852194823}
  m_Layer: 0
  m_Name: PC_GrassHopperHub001Bone001
  m_TagString: Untagged
  m_Icon: {fileID: 0}
  m_NavMeshLayer: 0
  m_StaticEditorFlags: 0
  m_IsActive: 1
--- !u!4 &340108288852194823
Transform:
  m_ObjectHideFlags: 0
  m_CorrespondingSourceObject: {fileID: 0}
  m_PrefabInstance: {fileID: 0}
  m_PrefabAsset: {fileID: 0}
  m_GameObject: {fileID: 7930776517430220405}
  m_LocalRotation: {x: -0.2276256, y: -0.076574005, z: 0.6089756, w: 0.75595754}
  m_LocalPosition: {x: -0.07410114, y: -0.014445969, z: 0.07521182}
  m_LocalScale: {x: 1, y: 0.9999997, z: 0.9999999}
  m_Children: []
  m_Father: {fileID: 6985932969471206534}
  m_RootOrder: 0
  m_LocalEulerAnglesHint: {x: -14.918127, y: -23.776634, z: 88.325035}
--- !u!1 &7996741707275154186
GameObject:
  m_ObjectHideFlags: 0
  m_CorrespondingSourceObject: {fileID: 0}
  m_PrefabInstance: {fileID: 0}
  m_PrefabAsset: {fileID: 0}
  serializedVersion: 6
  m_Component:
  - component: {fileID: 8173239683569275479}
  m_Layer: 0
  m_Name: PC_GrassHopperRArm1
  m_TagString: Untagged
  m_Icon: {fileID: 0}
  m_NavMeshLayer: 0
  m_StaticEditorFlags: 0
  m_IsActive: 1
--- !u!4 &8173239683569275479
Transform:
  m_ObjectHideFlags: 0
  m_CorrespondingSourceObject: {fileID: 0}
  m_PrefabInstance: {fileID: 0}
  m_PrefabAsset: {fileID: 0}
  m_GameObject: {fileID: 7996741707275154186}
  m_LocalRotation: {x: 0.60139215, y: -0.41300797, z: -0.2901706, w: 0.61931646}
  m_LocalPosition: {x: -0.09301145, y: 0.000000024223327, z: 0.000000048446655}
  m_LocalScale: {x: 1.0000006, y: 0.99999976, z: 1.0000002}
  m_Children:
  - {fileID: 3815853720903012687}
  m_Father: {fileID: 1386602244187063547}
  m_RootOrder: 0
  m_LocalEulerAnglesHint: {x: 39.349754, y: -80.50623, z: -76.23116}
--- !u!1 &8087789696783664355
GameObject:
  m_ObjectHideFlags: 0
  m_CorrespondingSourceObject: {fileID: 0}
  m_PrefabInstance: {fileID: 0}
  m_PrefabAsset: {fileID: 0}
  serializedVersion: 6
  m_Component:
  - component: {fileID: 819858943465067100}
  m_Layer: 0
  m_Name: PC_GrassHopperLLegAnkle
  m_TagString: Untagged
  m_Icon: {fileID: 0}
  m_NavMeshLayer: 0
  m_StaticEditorFlags: 0
  m_IsActive: 1
--- !u!4 &819858943465067100
Transform:
  m_ObjectHideFlags: 0
  m_CorrespondingSourceObject: {fileID: 0}
  m_PrefabInstance: {fileID: 0}
  m_PrefabAsset: {fileID: 0}
  m_GameObject: {fileID: 8087789696783664355}
  m_LocalRotation: {x: 0.6204436, y: 0.61835706, z: 0.14006282, w: -0.46159145}
  m_LocalPosition: {x: -0.23079754, y: -0.000000012111664, z: -0.000000024223327}
  m_LocalScale: {x: 1.0000017, y: 0.9999989, z: 0.9999997}
  m_Children: []
  m_Father: {fileID: 8509560205903821830}
  m_RootOrder: 0
  m_LocalEulerAnglesHint: {x: -49.727367, y: -142.2115, z: 72.64737}
--- !u!1 &8193884842756643506
GameObject:
  m_ObjectHideFlags: 0
  m_CorrespondingSourceObject: {fileID: 0}
  m_PrefabInstance: {fileID: 0}
  m_PrefabAsset: {fileID: 0}
  serializedVersion: 6
  m_Component:
  - component: {fileID: 3983850212239714765}
  m_Layer: 0
  m_Name: PC_GrassHopperSpine2
  m_TagString: Untagged
  m_Icon: {fileID: 0}
  m_NavMeshLayer: 0
  m_StaticEditorFlags: 0
  m_IsActive: 1
--- !u!4 &3983850212239714765
Transform:
  m_ObjectHideFlags: 0
  m_CorrespondingSourceObject: {fileID: 0}
  m_PrefabInstance: {fileID: 0}
  m_PrefabAsset: {fileID: 0}
  m_GameObject: {fileID: 8193884842756643506}
  m_LocalRotation: {x: -0.046113245, y: -0.045084037, z: -0.03244297, w: 0.99739087}
  m_LocalPosition: {x: -0.06678715, y: 0.000000036334992, z: -0.000000003027916}
  m_LocalScale: {x: 1.0000004, y: 1.0000001, z: 0.99999994}
  m_Children:
  - {fileID: 4474636805884808813}
  m_Father: {fileID: 1316306471806924975}
  m_RootOrder: 0
  m_LocalEulerAnglesHint: {x: -2.3134468, y: -6.2761564, z: -0.33052462}
--- !u!1 &8225724912480530365
GameObject:
  m_ObjectHideFlags: 0
  m_CorrespondingSourceObject: {fileID: 0}
  m_PrefabInstance: {fileID: 0}
  m_PrefabAsset: {fileID: 0}
  serializedVersion: 6
  m_Component:
  - component: {fileID: 6323189067103290713}
  - component: {fileID: 277842287593264682}
  m_Layer: 0
  m_Name: GameObject
  m_TagString: Untagged
  m_Icon: {fileID: 0}
  m_NavMeshLayer: 0
  m_StaticEditorFlags: 0
  m_IsActive: 1
--- !u!4 &6323189067103290713
Transform:
  m_ObjectHideFlags: 0
  m_CorrespondingSourceObject: {fileID: 0}
  m_PrefabInstance: {fileID: 0}
  m_PrefabAsset: {fileID: 0}
  m_GameObject: {fileID: 8225724912480530365}
  m_LocalRotation: {x: 0, y: 0, z: 0, w: 1}
  m_LocalPosition: {x: 0, y: 0, z: 0}
  m_LocalScale: {x: 1, y: 1, z: 1}
  m_Children: []
  m_Father: {fileID: 6366107606874638361}
  m_RootOrder: 2
  m_LocalEulerAnglesHint: {x: 0, y: 0, z: 0}
--- !u!65 &277842287593264682
BoxCollider:
  m_ObjectHideFlags: 0
  m_CorrespondingSourceObject: {fileID: 0}
  m_PrefabInstance: {fileID: 0}
  m_PrefabAsset: {fileID: 0}
  m_GameObject: {fileID: 8225724912480530365}
  m_Material: {fileID: 0}
  m_IsTrigger: 1
  m_Enabled: 1
  serializedVersion: 2
  m_Size: {x: 1.5, y: 1.3, z: 2}
  m_Center: {x: 0, y: 0.6, z: 0}
--- !u!1 &8360857656085021625
GameObject:
  m_ObjectHideFlags: 0
  m_CorrespondingSourceObject: {fileID: 0}
  m_PrefabInstance: {fileID: 0}
  m_PrefabAsset: {fileID: 0}
  serializedVersion: 6
  m_Component:
  - component: {fileID: 7715179248602342685}
  m_Layer: 0
  m_Name: PC_GrassHopperSpine1 1
  m_TagString: Untagged
  m_Icon: {fileID: 0}
  m_NavMeshLayer: 0
  m_StaticEditorFlags: 0
  m_IsActive: 1
--- !u!4 &7715179248602342685
Transform:
  m_ObjectHideFlags: 0
  m_CorrespondingSourceObject: {fileID: 0}
  m_PrefabInstance: {fileID: 0}
  m_PrefabAsset: {fileID: 0}
  m_GameObject: {fileID: 8360857656085021625}
  m_LocalRotation: {x: 0.014029717, y: 0.018473158, z: -0.6452694, w: 0.76360285}
  m_LocalPosition: {x: -0, y: 0, z: 0}
  m_LocalScale: {x: 1.0000005, y: 0.9999998, z: 1.0000002}
  m_Children:
  - {fileID: 2679953541612809256}
  m_Father: {fileID: 5947701429703425315}
  m_RootOrder: 2
  m_LocalEulerAnglesHint: {x: 2.5944707, y: 0.5796598, z: -80.384674}
--- !u!1 &8441684656448059141
GameObject:
  m_ObjectHideFlags: 0
  m_CorrespondingSourceObject: {fileID: 0}
  m_PrefabInstance: {fileID: 0}
  m_PrefabAsset: {fileID: 0}
  serializedVersion: 6
  m_Component:
  - component: {fileID: 107041715095472915}
  m_Layer: 0
  m_Name: PC_GrassHopperTail5 2
  m_TagString: Untagged
  m_Icon: {fileID: 0}
  m_NavMeshLayer: 0
  m_StaticEditorFlags: 0
  m_IsActive: 1
--- !u!4 &107041715095472915
Transform:
  m_ObjectHideFlags: 0
  m_CorrespondingSourceObject: {fileID: 0}
  m_PrefabInstance: {fileID: 0}
  m_PrefabAsset: {fileID: 0}
  m_GameObject: {fileID: 8441684656448059141}
  m_LocalRotation: {x: 0.023451427, y: -0.025220409, z: 0.065407164, w: 0.9972642}
  m_LocalPosition: {x: -0.1113963, y: 0.000000048446655, z: -0.000000024223327}
  m_LocalScale: {x: 1.0000001, y: 1.0000002, z: 1.0000001}
  m_Children: []
  m_Father: {fileID: 4837508943556520959}
  m_RootOrder: 0
  m_LocalEulerAnglesHint: {x: -2.3155293, y: -1.8223169, z: 0.35874653}
--- !u!1 &8461208480360654875
GameObject:
  m_ObjectHideFlags: 0
  m_CorrespondingSourceObject: {fileID: 0}
  m_PrefabInstance: {fileID: 0}
  m_PrefabAsset: {fileID: 0}
  serializedVersion: 6
  m_Component:
  - component: {fileID: 3392389782753924320}
  m_Layer: 0
  m_Name: PC_GrassHopperTail1
  m_TagString: Untagged
  m_Icon: {fileID: 0}
  m_NavMeshLayer: 0
  m_StaticEditorFlags: 0
  m_IsActive: 1
--- !u!4 &3392389782753924320
Transform:
  m_ObjectHideFlags: 0
  m_CorrespondingSourceObject: {fileID: 0}
  m_PrefabInstance: {fileID: 0}
  m_PrefabAsset: {fileID: 0}
  m_GameObject: {fileID: 8461208480360654875}
  m_LocalRotation: {x: -0.00009653867, y: 0.000078423254, z: 0.77609515, w: 0.6306158}
  m_LocalPosition: {x: -0, y: 0, z: 0}
  m_LocalScale: {x: 0.99999994, y: 0.9999999, z: 0.99999964}
  m_Children:
  - {fileID: 3859580724959434625}
  m_Father: {fileID: 6985932969471206534}
  m_RootOrder: 7
  m_LocalEulerAnglesHint: {x: -0.28732538, y: -0.0601123, z: 101.80901}
--- !u!1 &8851386352806635908
GameObject:
  m_ObjectHideFlags: 0
  m_CorrespondingSourceObject: {fileID: 0}
  m_PrefabInstance: {fileID: 0}
  m_PrefabAsset: {fileID: 0}
  serializedVersion: 6
  m_Component:
  - component: {fileID: 4837508943556520959}
  m_Layer: 0
  m_Name: PC_GrassHopperTail4 2
  m_TagString: Untagged
  m_Icon: {fileID: 0}
  m_NavMeshLayer: 0
  m_StaticEditorFlags: 0
  m_IsActive: 1
--- !u!4 &4837508943556520959
Transform:
  m_ObjectHideFlags: 0
  m_CorrespondingSourceObject: {fileID: 0}
  m_PrefabInstance: {fileID: 0}
  m_PrefabAsset: {fileID: 0}
  m_GameObject: {fileID: 8851386352806635908}
  m_LocalRotation: {x: 0.023289392, y: -0.025213735, z: 0.065549456, w: 0.99725884}
  m_LocalPosition: {x: -0.1113963, y: 0, z: 0.000000024223327}
  m_LocalScale: {x: 1.0000002, y: 1.0000001, z: 1}
  m_Children:
  - {fileID: 107041715095472915}
  m_Father: {fileID: 8208208949818454539}
  m_RootOrder: 0
  m_LocalEulerAnglesHint: {x: -2.5479858, y: -2.0744174, z: 0.50681984}
