%YAML 1.1
%TAG !u! tag:unity3d.com,2011:
--- !u!1 &185714627528549695
GameObject:
  m_ObjectHideFlags: 0
  m_CorrespondingSourceObject: {fileID: 0}
  m_PrefabInstance: {fileID: 0}
  m_PrefabAsset: {fileID: 0}
  serializedVersion: 6
  m_Component:
  - component: {fileID: 3803452203620374316}
  - component: {fileID: 3909091237863503246}
  m_Layer: 0
  m_Name: SpiderInsect
  m_TagString: Untagged
  m_Icon: {fileID: 0}
  m_NavMeshLayer: 0
  m_StaticEditorFlags: 0
  m_IsActive: 1
--- !u!4 &3803452203620374316
Transform:
  m_ObjectHideFlags: 0
  m_CorrespondingSourceObject: {fileID: 0}
  m_PrefabInstance: {fileID: 0}
  m_PrefabAsset: {fileID: 0}
  m_GameObject: {fileID: 185714627528549695}
  m_LocalRotation: {x: 0, y: 0, z: 0, w: 1}
  m_LocalPosition: {x: 0, y: 0, z: 0}
  m_LocalScale: {x: 1, y: 1, z: 1}
  m_Children:
  - {fileID: 1095988470676116312}
  - {fileID: 3394698706912647502}
  - {fileID: 1989579766783820384}
  - {fileID: 3630212815484518678}
  - {fileID: 73950202933895457}
  - {fileID: 3630962661627943411}
  - {fileID: 1581162895319109178}
  - {fileID: 6361440864541181223}
  m_Father: {fileID: 0}
  m_RootOrder: 0
  m_LocalEulerAnglesHint: {x: 0, y: 0, z: 0}
--- !u!95 &3909091237863503246
Animator:
  serializedVersion: 3
  m_ObjectHideFlags: 0
  m_CorrespondingSourceObject: {fileID: 0}
  m_PrefabInstance: {fileID: 0}
  m_PrefabAsset: {fileID: 0}
  m_GameObject: {fileID: 185714627528549695}
  m_Enabled: 1
  m_Avatar: {fileID: 0}
  m_Controller: {fileID: 9100000, guid: b3208890459c4e14f8a8a9f97206ffe9, type: 2}
  m_CullingMode: 0
  m_UpdateMode: 0
  m_ApplyRootMotion: 0
  m_LinearVelocityBlending: 0
  m_WarningMessage: 
  m_HasTransformHierarchy: 1
  m_AllowConstantClipSamplingOptimization: 1
  m_KeepAnimatorControllerStateOnDisable: 0
--- !u!1 &266037153595381206
GameObject:
  m_ObjectHideFlags: 0
  m_CorrespondingSourceObject: {fileID: 0}
  m_PrefabInstance: {fileID: 0}
  m_PrefabAsset: {fileID: 0}
  serializedVersion: 6
  m_Component:
  - component: {fileID: 7560903969956004561}
  m_Layer: 0
  m_Name: v2_B3_L_001
  m_TagString: Untagged
  m_Icon: {fileID: 0}
  m_NavMeshLayer: 0
  m_StaticEditorFlags: 0
  m_IsActive: 1
--- !u!4 &7560903969956004561
Transform:
  m_ObjectHideFlags: 0
  m_CorrespondingSourceObject: {fileID: 0}
  m_PrefabInstance: {fileID: 0}
  m_PrefabAsset: {fileID: 0}
  m_GameObject: {fileID: 266037153595381206}
  m_LocalRotation: {x: -0.4878332, y: 0.19919807, z: 0.67846936, w: 0.5118772}
  m_LocalPosition: {x: 0.028383896, y: -0.029911999, z: 0.031975806}
  m_LocalScale: {x: 0.10051069, y: 0.09591249, z: 0.02717634}
  m_Children: []
  m_Father: {fileID: 5056100468088794153}
  m_RootOrder: 1
  m_LocalEulerAnglesHint: {x: -50.32883, y: -45.847404, z: 128.4086}
--- !u!1 &306364169988423121
GameObject:
  m_ObjectHideFlags: 0
  m_CorrespondingSourceObject: {fileID: 0}
  m_PrefabInstance: {fileID: 0}
  m_PrefabAsset: {fileID: 0}
  serializedVersion: 6
  m_Component:
  - component: {fileID: 1058103113309390235}
  m_Layer: 0
  m_Name: v2_B3_R
  m_TagString: Untagged
  m_Icon: {fileID: 0}
  m_NavMeshLayer: 0
  m_StaticEditorFlags: 0
  m_IsActive: 1
--- !u!4 &1058103113309390235
Transform:
  m_ObjectHideFlags: 0
  m_CorrespondingSourceObject: {fileID: 0}
  m_PrefabInstance: {fileID: 0}
  m_PrefabAsset: {fileID: 0}
  m_GameObject: {fileID: 306364169988423121}
  m_LocalRotation: {x: -0.22144742, y: -0.21797152, z: -0.19745913, w: 0.9297631}
  m_LocalPosition: {x: -0.02048179, y: 0.0000000011920929, z: -5.9604643e-10}
  m_LocalScale: {x: 0.9999998, y: 1, z: 0.99999994}
  m_Children: []
  m_Father: {fileID: 4978536235748699407}
  m_RootOrder: 0
  m_LocalEulerAnglesHint: {x: -30.236189, y: -22.89572, z: -21.815432}
--- !u!1 &466763953171518536
GameObject:
  m_ObjectHideFlags: 0
  m_CorrespondingSourceObject: {fileID: 0}
  m_PrefabInstance: {fileID: 0}
  m_PrefabAsset: {fileID: 0}
  serializedVersion: 6
  m_Component:
  - component: {fileID: 8491385680800499525}
  m_Layer: 0
  m_Name: Body_002
  m_TagString: Untagged
  m_Icon: {fileID: 0}
  m_NavMeshLayer: 0
  m_StaticEditorFlags: 0
  m_IsActive: 1
--- !u!4 &8491385680800499525
Transform:
  m_ObjectHideFlags: 0
  m_CorrespondingSourceObject: {fileID: 0}
  m_PrefabInstance: {fileID: 0}
  m_PrefabAsset: {fileID: 0}
  m_GameObject: {fileID: 466763953171518536}
  m_LocalRotation: {x: -0.18841796, y: 0.88909405, z: 0.4168331, w: 0.016143462}
  m_LocalPosition: {x: -0.0022746415, y: 0.008538042, z: 0.0049325493}
  m_LocalScale: {x: 1.0000005, y: 1.0000011, z: 1.0000004}
  m_Children:
  - {fileID: 4390743782044455311}
  m_Father: {fileID: 5056100468088794153}
  m_RootOrder: 0
  m_LocalEulerAnglesHint: {x: -50.012653, y: -175.09615, z: -16.59817}
--- !u!1 &928672260314388817
GameObject:
  m_ObjectHideFlags: 0
  m_CorrespondingSourceObject: {fileID: 0}
  m_PrefabInstance: {fileID: 0}
  m_PrefabAsset: {fileID: 0}
  serializedVersion: 6
  m_Component:
  - component: {fileID: 3882954588676632729}
  m_Layer: 0
  m_Name: v3_B3_R_001
  m_TagString: Untagged
  m_Icon: {fileID: 0}
  m_NavMeshLayer: 0
  m_StaticEditorFlags: 0
  m_IsActive: 1
--- !u!4 &3882954588676632729
Transform:
  m_ObjectHideFlags: 0
  m_CorrespondingSourceObject: {fileID: 0}
  m_PrefabInstance: {fileID: 0}
  m_PrefabAsset: {fileID: 0}
  m_GameObject: {fileID: 928672260314388817}
  m_LocalRotation: {x: -0.17574213, y: -0.50515175, z: -0.49479434, w: 0.68491966}
  m_LocalPosition: {x: -0.009060908, y: 0.0013671946, z: -0.052108787}
  m_LocalScale: {x: 0.09968827, y: 0.09381699, z: 0.033706475}
  m_Children: []
  m_Father: {fileID: 5056100468088794153}
  m_RootOrder: 4
  m_LocalEulerAnglesHint: {x: -47.785187, y: -50.44647, z: -48.115833}
--- !u!1 &1202241400680505309
GameObject:
  m_ObjectHideFlags: 0
  m_CorrespondingSourceObject: {fileID: 0}
  m_PrefabInstance: {fileID: 0}
  m_PrefabAsset: {fileID: 0}
  serializedVersion: 6
  m_Component:
  - component: {fileID: 3630962661627943411}
  - component: {fileID: 8302519099751782202}
  m_Layer: 0
  m_Name: Spider_teeth
  m_TagString: Untagged
  m_Icon: {fileID: 0}
  m_NavMeshLayer: 0
  m_StaticEditorFlags: 0
  m_IsActive: 1
--- !u!4 &3630962661627943411
Transform:
  m_ObjectHideFlags: 0
  m_CorrespondingSourceObject: {fileID: 0}
  m_PrefabInstance: {fileID: 0}
  m_PrefabAsset: {fileID: 0}
  m_GameObject: {fileID: 1202241400680505309}
  m_LocalRotation: {x: 0, y: -0, z: -0, w: 1}
  m_LocalPosition: {x: -1.862645e-11, y: 0.000121114856, z: -0.02050272}
  m_LocalScale: {x: 1, y: 1, z: 1}
  m_Children: []
  m_Father: {fileID: 3803452203620374316}
  m_RootOrder: 5
  m_LocalEulerAnglesHint: {x: 0, y: 0, z: 0}
--- !u!137 &8302519099751782202
SkinnedMeshRenderer:
  m_ObjectHideFlags: 0
  m_CorrespondingSourceObject: {fileID: 0}
  m_PrefabInstance: {fileID: 0}
  m_PrefabAsset: {fileID: 0}
  m_GameObject: {fileID: 1202241400680505309}
  m_Enabled: 1
  m_CastShadows: 1
  m_ReceiveShadows: 1
  m_DynamicOccludee: 1
  m_MotionVectors: 1
  m_LightProbeUsage: 1
  m_ReflectionProbeUsage: 1
  m_RenderingLayerMask: 1
  m_RendererPriority: 0
  m_Materials:
  - {fileID: 3519307385129718863, guid: 7f4754bd2399ede439ace5521c8ba6a2, type: 3}
  m_StaticBatchInfo:
    firstSubMesh: 0
    subMeshCount: 0
  m_StaticBatchRoot: {fileID: 0}
  m_ProbeAnchor: {fileID: 0}
  m_LightProbeVolumeOverride: {fileID: 0}
  m_ScaleInLightmap: 1
  m_PreserveUVs: 0
  m_IgnoreNormalsForChartDetection: 0
  m_ImportantGI: 0
  m_StitchLightmapSeams: 1
  m_SelectedEditorRenderState: 3
  m_MinimumChartSize: 4
  m_AutoUVMaxDistance: 0.5
  m_AutoUVMaxAngle: 89
  m_LightmapParameters: {fileID: 0}
  m_SortingLayerID: 0
  m_SortingLayer: 0
  m_SortingOrder: 0
  serializedVersion: 2
  m_Quality: 0
  m_UpdateWhenOffscreen: 0
  m_SkinnedMotionVectors: 1
  m_Mesh: {fileID: -6870899368323228809, guid: 7f4754bd2399ede439ace5521c8ba6a2, type: 3}
  m_Bones:
  - {fileID: 5056100468088794153}
  - {fileID: 8491385680800499525}
  - {fileID: 4390743782044455311}
  - {fileID: 2923597500141328827}
  - {fileID: 1476153042331240687}
  - {fileID: 323101157032734968}
  - {fileID: 3193388990252311367}
  - {fileID: 4577336789757974473}
  - {fileID: 8002837914436962497}
  - {fileID: 5212397217106956667}
  - {fileID: 3270709848372586112}
  - {fileID: 3419602188371835705}
  - {fileID: 7796586293796926339}
  - {fileID: 6791282992734631623}
  - {fileID: 5403753933163413025}
  - {fileID: 1774224979878161372}
  - {fileID: 3010528623008747261}
  - {fileID: 1062633636256181866}
  - {fileID: 657783518221508314}
  - {fileID: 6703133944827974540}
  - {fileID: 655618971615475314}
  - {fileID: 3240143676118951696}
  - {fileID: 1959208146816265012}
  - {fileID: 7884658381148857289}
  - {fileID: 4978536235748699407}
  - {fileID: 1058103113309390235}
  - {fileID: 6722465461657804526}
  - {fileID: 2018138887218126052}
  - {fileID: 2148013576083281244}
  - {fileID: 4258645292269528521}
  - {fileID: 8008640808984332656}
  - {fileID: 928320057060227820}
  - {fileID: 6827236635949887596}
  - {fileID: 8762203222452388556}
  - {fileID: 6516632408587341809}
  - {fileID: 3870478971719829581}
  - {fileID: 6611110900831703532}
  - {fileID: 7560903969956004561}
  - {fileID: 7628255888351230532}
  - {fileID: 2677426003213798772}
  - {fileID: 2980144396079650112}
  - {fileID: 3145604604887151859}
  - {fileID: 3882954588676632729}
  - {fileID: 3449134869248182609}
  m_BlendShapeWeights: []
  m_RootBone: {fileID: 5056100468088794153}
  m_AABB:
    m_Center: {x: 0.0163792, y: 0.005292261, z: 0.0037594768}
    m_Extent: {x: 0.0039419504, y: 0.003817534, z: 0.004091784}
  m_DirtyAABB: 0
--- !u!1 &1221910582358872019
GameObject:
  m_ObjectHideFlags: 0
  m_CorrespondingSourceObject: {fileID: 0}
  m_PrefabInstance: {fileID: 0}
  m_PrefabAsset: {fileID: 0}
  serializedVersion: 6
  m_Component:
  - component: {fileID: 1062633636256181866}
  m_Layer: 0
  m_Name: FU_2_L
  m_TagString: Untagged
  m_Icon: {fileID: 0}
  m_NavMeshLayer: 0
  m_StaticEditorFlags: 0
  m_IsActive: 1
--- !u!4 &1062633636256181866
Transform:
  m_ObjectHideFlags: 0
  m_CorrespondingSourceObject: {fileID: 0}
  m_PrefabInstance: {fileID: 0}
  m_PrefabAsset: {fileID: 0}
  m_GameObject: {fileID: 1221910582358872019}
  m_LocalRotation: {x: -0.4453768, y: -0.18600829, z: -0.29193676, w: 0.8257199}
  m_LocalPosition: {x: -0.0061635813, y: 2.9802322e-10, z: 1.3969838e-10}
  m_LocalScale: {x: 0.99999994, y: 0.9999999, z: 0.9999999}
  m_Children:
  - {fileID: 657783518221508314}
  m_Father: {fileID: 3010528623008747261}
  m_RootOrder: 0
  m_LocalEulerAnglesHint: {x: -57.57759, y: -5.0438333, z: -36.16969}
--- !u!1 &1291415166698282756
GameObject:
  m_ObjectHideFlags: 0
  m_CorrespondingSourceObject: {fileID: 0}
  m_PrefabInstance: {fileID: 0}
  m_PrefabAsset: {fileID: 0}
  serializedVersion: 6
  m_Component:
  - component: {fileID: 2923597500141328827}
  m_Layer: 0
  m_Name: Body2
  m_TagString: Untagged
  m_Icon: {fileID: 0}
  m_NavMeshLayer: 0
  m_StaticEditorFlags: 0
  m_IsActive: 1
--- !u!4 &2923597500141328827
Transform:
  m_ObjectHideFlags: 0
  m_CorrespondingSourceObject: {fileID: 0}
  m_PrefabInstance: {fileID: 0}
  m_PrefabAsset: {fileID: 0}
  m_GameObject: {fileID: 1291415166698282756}
  m_LocalRotation: {x: 0.00000040233175, y: -0.00000065192563, z: 0.0000005614777,
    w: 1}
  m_LocalPosition: {x: -0.018000005, y: -0.000000006368964, z: -0.0010000356}
  m_LocalScale: {x: 1, y: 1, z: 1}
  m_Children: []
  m_Father: {fileID: 4390743782044455311}
  m_RootOrder: 0
  m_LocalEulerAnglesHint: {x: 0.00004610386, y: -0.000074705145, z: 0.000064340566}
--- !u!1 &1395636717167597493
GameObject:
  m_ObjectHideFlags: 0
  m_CorrespondingSourceObject: {fileID: 0}
  m_PrefabInstance: {fileID: 0}
  m_PrefabAsset: {fileID: 0}
  serializedVersion: 6
  m_Component:
  - component: {fileID: 8002837914436962497}
  m_Layer: 0
  m_Name: v2_B2_L
  m_TagString: Untagged
  m_Icon: {fileID: 0}
  m_NavMeshLayer: 0
  m_StaticEditorFlags: 0
  m_IsActive: 1
--- !u!4 &8002837914436962497
Transform:
  m_ObjectHideFlags: 0
  m_CorrespondingSourceObject: {fileID: 0}
  m_PrefabInstance: {fileID: 0}
  m_PrefabAsset: {fileID: 0}
  m_GameObject: {fileID: 1395636717167597493}
  m_LocalRotation: {x: 0.5777181, y: -0.33360937, z: 0.0957591, w: 0.73876715}
  m_LocalPosition: {x: -0.014688902, y: 1.4901161e-10, z: 0}
  m_LocalScale: {x: 1.0000001, y: 0.99999994, z: 0.99999994}
  m_Children:
  - {fileID: 5212397217106956667}
  m_Father: {fileID: 4577336789757974473}
  m_RootOrder: 0
  m_LocalEulerAnglesHint: {x: 66.03766, y: -65.66149, z: -24.800299}
--- !u!1 &1585511884592868253
GameObject:
  m_ObjectHideFlags: 0
  m_CorrespondingSourceObject: {fileID: 0}
  m_PrefabInstance: {fileID: 0}
  m_PrefabAsset: {fileID: 0}
  serializedVersion: 6
  m_Component:
  - component: {fileID: 3419602188371835705}
  m_Layer: 0
  m_Name: v3_B2_L
  m_TagString: Untagged
  m_Icon: {fileID: 0}
  m_NavMeshLayer: 0
  m_StaticEditorFlags: 0
  m_IsActive: 1
--- !u!4 &3419602188371835705
Transform:
  m_ObjectHideFlags: 0
  m_CorrespondingSourceObject: {fileID: 0}
  m_PrefabInstance: {fileID: 0}
  m_PrefabAsset: {fileID: 0}
  m_GameObject: {fileID: 1585511884592868253}
  m_LocalRotation: {x: -0.74127007, y: -0.28287685, z: -0.038277566, w: 0.60748184}
  m_LocalPosition: {x: -0.0135540245, y: 6.3329936e-10, z: 2.9802322e-10}
  m_LocalScale: {x: 1.0000004, y: 1, z: 1}
  m_Children:
  - {fileID: 7796586293796926339}
  m_Father: {fileID: 3270709848372586112}
  m_RootOrder: 0
  m_LocalEulerAnglesHint: {x: -61.96235, y: -131.85736, z: 99.69449}
--- !u!1 &2095763218943629127
GameObject:
  m_ObjectHideFlags: 0
  m_CorrespondingSourceObject: {fileID: 0}
  m_PrefabInstance: {fileID: 0}
  m_PrefabAsset: {fileID: 0}
  serializedVersion: 6
  m_Component:
  - component: {fileID: 655618971615475314}
  m_Layer: 0
  m_Name: v_B1_R
  m_TagString: Untagged
  m_Icon: {fileID: 0}
  m_NavMeshLayer: 0
  m_StaticEditorFlags: 0
  m_IsActive: 1
--- !u!4 &655618971615475314
Transform:
  m_ObjectHideFlags: 0
  m_CorrespondingSourceObject: {fileID: 0}
  m_PrefabInstance: {fileID: 0}
  m_PrefabAsset: {fileID: 0}
  m_GameObject: {fileID: 2095763218943629127}
  m_LocalRotation: {x: -0.12899116, y: 0.061046902, z: 0.9430588, w: -0.30045763}
  m_LocalPosition: {x: -0.0049619945, y: 0.005809553, z: -0.002966191}
  m_LocalScale: {x: 0.99999994, y: 0.9999996, z: 0.9999999}
  m_Children:
  - {fileID: 3240143676118951696}
  m_Father: {fileID: 4390743782044455311}
  m_RootOrder: 10
  m_LocalEulerAnglesHint: {x: 4.7823553, y: -31.009766, z: -141.95746}
--- !u!1 &2134038308650880455
GameObject:
  m_ObjectHideFlags: 0
  m_CorrespondingSourceObject: {fileID: 0}
  m_PrefabInstance: {fileID: 0}
  m_PrefabAsset: {fileID: 0}
  serializedVersion: 6
  m_Component:
  - component: {fileID: 2148013576083281244}
  m_Layer: 0
  m_Name: v3_B3_R
  m_TagString: Untagged
  m_Icon: {fileID: 0}
  m_NavMeshLayer: 0
  m_StaticEditorFlags: 0
  m_IsActive: 1
--- !u!4 &2148013576083281244
Transform:
  m_ObjectHideFlags: 0
  m_CorrespondingSourceObject: {fileID: 0}
  m_PrefabInstance: {fileID: 0}
  m_PrefabAsset: {fileID: 0}
  m_GameObject: {fileID: 2134038308650880455}
  m_LocalRotation: {x: 0.14230339, y: -0.08705537, z: 0.2354829, w: 0.9574544}
  m_LocalPosition: {x: -0.018205516, y: 0.000000002980232, z: 0}
  m_LocalScale: {x: 1, y: 0.99999994, z: 0.99999994}
  m_Children: []
  m_Father: {fileID: 2018138887218126052}
  m_RootOrder: 0
  m_LocalEulerAnglesHint: {x: 19.741074, y: -8.627592, z: 36.00401}
--- !u!1 &2249061650878889411
GameObject:
  m_ObjectHideFlags: 0
  m_CorrespondingSourceObject: {fileID: 0}
  m_PrefabInstance: {fileID: 0}
  m_PrefabAsset: {fileID: 0}
  serializedVersion: 6
  m_Component:
  - component: {fileID: 2980144396079650112}
  m_Layer: 0
  m_Name: v_B3_R_001
  m_TagString: Untagged
  m_Icon: {fileID: 0}
  m_NavMeshLayer: 0
  m_StaticEditorFlags: 0
  m_IsActive: 1
--- !u!4 &2980144396079650112
Transform:
  m_ObjectHideFlags: 0
  m_CorrespondingSourceObject: {fileID: 0}
  m_PrefabInstance: {fileID: 0}
  m_PrefabAsset: {fileID: 0}
  m_GameObject: {fileID: 2249061650878889411}
  m_LocalRotation: {x: -0.19919696, y: -0.48783258, z: -0.51187783, w: 0.67846966}
  m_LocalPosition: {x: 0.054992914, y: 0.009753057, z: -0.014985368}
  m_LocalScale: {x: 0.47278863, y: 0.09591245, z: 0.027176347}
  m_Children: []
  m_Father: {fileID: 5056100468088794153}
  m_RootOrder: 8
  m_LocalEulerAnglesHint: {x: -50.32871, y: -45.84729, z: -51.591564}
--- !u!1 &2597573122641463088
GameObject:
  m_ObjectHideFlags: 0
  m_CorrespondingSourceObject: {fileID: 0}
  m_PrefabInstance: {fileID: 0}
  m_PrefabAsset: {fileID: 0}
  serializedVersion: 6
  m_Component:
  - component: {fileID: 4577336789757974473}
  m_Layer: 0
  m_Name: v2_B1_L
  m_TagString: Untagged
  m_Icon: {fileID: 0}
  m_NavMeshLayer: 0
  m_StaticEditorFlags: 0
  m_IsActive: 1
--- !u!4 &4577336789757974473
Transform:
  m_ObjectHideFlags: 0
  m_CorrespondingSourceObject: {fileID: 0}
  m_PrefabInstance: {fileID: 0}
  m_PrefabAsset: {fileID: 0}
  m_GameObject: {fileID: 2597573122641463088}
  m_LocalRotation: {x: -0.32520047, y: -0.245601, z: 0.7623683, w: 0.5027121}
  m_LocalPosition: {x: -0.008326837, y: -0.005895743, z: -0.003555961}
  m_LocalScale: {x: 0.9999998, y: 1.0000001, z: 1}
  m_Children:
  - {fileID: 8002837914436962497}
  m_Father: {fileID: 4390743782044455311}
  m_RootOrder: 3
  m_LocalEulerAnglesHint: {x: -6.854739, y: -58.86513, z: 125.247055}
--- !u!1 &2690343591416435599
GameObject:
  m_ObjectHideFlags: 0
  m_CorrespondingSourceObject: {fileID: 0}
  m_PrefabInstance: {fileID: 0}
  m_PrefabAsset: {fileID: 0}
  serializedVersion: 6
  m_Component:
  - component: {fileID: 3870478971719829581}
  m_Layer: 0
  m_Name: Zahn_R
  m_TagString: Untagged
  m_Icon: {fileID: 0}
  m_NavMeshLayer: 0
  m_StaticEditorFlags: 0
  m_IsActive: 1
--- !u!4 &3870478971719829581
Transform:
  m_ObjectHideFlags: 0
  m_CorrespondingSourceObject: {fileID: 0}
  m_PrefabInstance: {fileID: 0}
  m_PrefabAsset: {fileID: 0}
  m_GameObject: {fileID: 2690343591416435599}
  m_LocalRotation: {x: 0.1807193, y: 0.1459552, z: 0.9726419, w: 0.0023288173}
  m_LocalPosition: {x: 0.005056725, y: 0.002335683, z: -0.0020259595}
  m_LocalScale: {x: 0.9999996, y: 0.9999998, z: 0.9999998}
  m_Children: []
  m_Father: {fileID: 4390743782044455311}
  m_RootOrder: 12
  m_LocalEulerAnglesHint: {x: -16.444384, y: 29.291094, z: 176.5773}
--- !u!1 &2901622540475805475
GameObject:
  m_ObjectHideFlags: 0
  m_CorrespondingSourceObject: {fileID: 0}
  m_PrefabInstance: {fileID: 0}
  m_PrefabAsset: {fileID: 0}
  serializedVersion: 6
  m_Component:
  - component: {fileID: 6611110900831703532}
  m_Layer: 0
  m_Name: v_B3_L_001
  m_TagString: Untagged
  m_Icon: {fileID: 0}
  m_NavMeshLayer: 0
  m_StaticEditorFlags: 0
  m_IsActive: 1
--- !u!4 &6611110900831703532
Transform:
  m_ObjectHideFlags: 0
  m_CorrespondingSourceObject: {fileID: 0}
  m_PrefabInstance: {fileID: 0}
  m_PrefabAsset: {fileID: 0}
  m_GameObject: {fileID: 2901622540475805475}
  m_LocalRotation: {x: -0.48783356, y: 0.19919777, z: 0.6784687, w: 0.51187783}
  m_LocalPosition: {x: 0.054992903, y: -0.008109859, z: 0.015934635}
  m_LocalScale: {x: 0.47278878, y: 0.09591247, z: 0.027176347}
  m_Children: []
  m_Father: {fileID: 5056100468088794153}
  m_RootOrder: 7
  m_LocalEulerAnglesHint: {x: -50.328865, y: -45.847427, z: 128.40851}
--- !u!1 &3083180807638228171
GameObject:
  m_ObjectHideFlags: 0
  m_CorrespondingSourceObject: {fileID: 0}
  m_PrefabInstance: {fileID: 0}
  m_PrefabAsset: {fileID: 0}
  serializedVersion: 6
  m_Component:
  - component: {fileID: 7628255888351230532}
  m_Layer: 0
  m_Name: v3_B3_L_001
  m_TagString: Untagged
  m_Icon: {fileID: 0}
  m_NavMeshLayer: 0
  m_StaticEditorFlags: 0
  m_IsActive: 1
--- !u!4 &7628255888351230532
Transform:
  m_ObjectHideFlags: 0
  m_CorrespondingSourceObject: {fileID: 0}
  m_PrefabInstance: {fileID: 0}
  m_PrefabAsset: {fileID: 0}
  m_GameObject: {fileID: 3083180807638228171}
  m_LocalRotation: {x: -0.48783314, y: 0.19919762, z: 0.6784691, w: 0.5118777}
  m_LocalPosition: {x: -0.009060905, y: -0.04445877, z: 0.02721414}
  m_LocalScale: {x: 0.09968827, y: 0.095912464, z: 0.027176343}
  m_Children: []
  m_Father: {fileID: 5056100468088794153}
  m_RootOrder: 3
  m_LocalEulerAnglesHint: {x: -50.328808, y: -45.847378, z: 128.4085}
--- !u!1 &3111795830879006416
GameObject:
  m_ObjectHideFlags: 0
  m_CorrespondingSourceObject: {fileID: 0}
  m_PrefabInstance: {fileID: 0}
  m_PrefabAsset: {fileID: 0}
  serializedVersion: 6
  m_Component:
  - component: {fileID: 5403753933163413025}
  m_Layer: 0
  m_Name: v4_B2_L
  m_TagString: Untagged
  m_Icon: {fileID: 0}
  m_NavMeshLayer: 0
  m_StaticEditorFlags: 0
  m_IsActive: 1
--- !u!4 &5403753933163413025
Transform:
  m_ObjectHideFlags: 0
  m_CorrespondingSourceObject: {fileID: 0}
  m_PrefabInstance: {fileID: 0}
  m_PrefabAsset: {fileID: 0}
  m_GameObject: {fileID: 3111795830879006416}
  m_LocalRotation: {x: -0.16826594, y: -0.26622444, z: -0.19988091, w: 0.92782474}
  m_LocalPosition: {x: -0.01625591, y: 0.0000000030361116, z: 8.1956386e-10}
  m_LocalScale: {x: 1, y: 1, z: 1}
  m_Children:
  - {fileID: 1774224979878161372}
  m_Father: {fileID: 6791282992734631623}
  m_RootOrder: 0
  m_LocalEulerAnglesHint: {x: -27.838327, y: -38.945522, z: -22.48329}
--- !u!1 &3430228827491287534
GameObject:
  m_ObjectHideFlags: 0
  m_CorrespondingSourceObject: {fileID: 0}
  m_PrefabInstance: {fileID: 0}
  m_PrefabAsset: {fileID: 0}
  serializedVersion: 6
  m_Component:
  - component: {fileID: 2018138887218126052}
  m_Layer: 0
  m_Name: v3_B2_R
  m_TagString: Untagged
  m_Icon: {fileID: 0}
  m_NavMeshLayer: 0
  m_StaticEditorFlags: 0
  m_IsActive: 1
--- !u!4 &2018138887218126052
Transform:
  m_ObjectHideFlags: 0
  m_CorrespondingSourceObject: {fileID: 0}
  m_PrefabInstance: {fileID: 0}
  m_PrefabAsset: {fileID: 0}
  m_GameObject: {fileID: 3430228827491287534}
  m_LocalRotation: {x: 0.73885065, y: -0.285454, z: -0.00021399149, w: 0.61042255}
  m_LocalPosition: {x: -0.013554015, y: 8.1956386e-10, z: -0.0000000010430813}
  m_LocalScale: {x: 0.99999994, y: 0.99999994, z: 1}
  m_Children:
  - {fileID: 2148013576083281244}
  m_Father: {fileID: 6722465461657804526}
  m_RootOrder: 0
  m_LocalEulerAnglesHint: {x: 62.01711, y: -126.065994, z: -100.52983}
--- !u!1 &3487196993971108013
GameObject:
  m_ObjectHideFlags: 0
  m_CorrespondingSourceObject: {fileID: 0}
  m_PrefabInstance: {fileID: 0}
  m_PrefabAsset: {fileID: 0}
  serializedVersion: 6
  m_Component:
  - component: {fileID: 6791282992734631623}
  m_Layer: 0
  m_Name: v4_B1_L
  m_TagString: Untagged
  m_Icon: {fileID: 0}
  m_NavMeshLayer: 0
  m_StaticEditorFlags: 0
  m_IsActive: 1
--- !u!4 &6791282992734631623
Transform:
  m_ObjectHideFlags: 0
  m_CorrespondingSourceObject: {fileID: 0}
  m_PrefabInstance: {fileID: 0}
  m_PrefabAsset: {fileID: 0}
  m_GameObject: {fileID: 3487196993971108013}
  m_LocalRotation: {x: 0.061816473, y: 0.072537094, z: 0.34871164, w: 0.93237185}
  m_LocalPosition: {x: -0.014830432, y: -0.0056432784, z: -0.003355398}
  m_LocalScale: {x: 1, y: 0.9999999, z: 0.9999999}
  m_Children:
  - {fileID: 5403753933163413025}
  m_Father: {fileID: 4390743782044455311}
  m_RootOrder: 7
  m_LocalEulerAnglesHint: {x: -6.843746, y: 20.480877, z: 47.89465}
--- !u!1 &3546896988695783332
GameObject:
  m_ObjectHideFlags: 0
  m_CorrespondingSourceObject: {fileID: 0}
  m_PrefabInstance: {fileID: 0}
  m_PrefabAsset: {fileID: 0}
  serializedVersion: 6
  m_Component:
  - component: {fileID: 2677426003213798772}
  m_Layer: 0
  m_Name: v4_B3_L_001
  m_TagString: Untagged
  m_Icon: {fileID: 0}
  m_NavMeshLayer: 0
  m_StaticEditorFlags: 0
  m_IsActive: 1
--- !u!4 &2677426003213798772
Transform:
  m_ObjectHideFlags: 0
  m_CorrespondingSourceObject: {fileID: 0}
  m_PrefabInstance: {fileID: 0}
  m_PrefabAsset: {fileID: 0}
  m_GameObject: {fileID: 3546896988695783332}
  m_LocalRotation: {x: -0.48783314, y: 0.19919792, z: 0.67846924, w: 0.5118775}
  m_LocalPosition: {x: -0.03662942, y: -0.04269244, z: 0.0021122568}
  m_LocalScale: {x: 0.099688284, y: 0.09591249, z: 0.027176348}
  m_Children: []
  m_Father: {fileID: 5056100468088794153}
  m_RootOrder: 5
  m_LocalEulerAnglesHint: {x: -50.32883, y: -45.847378, z: 128.40855}
--- !u!1 &3572049853368738650
GameObject:
  m_ObjectHideFlags: 0
  m_CorrespondingSourceObject: {fileID: 0}
  m_PrefabInstance: {fileID: 0}
  m_PrefabAsset: {fileID: 0}
  serializedVersion: 6
  m_Component:
  - component: {fileID: 3721944450712317819}
  - component: {fileID: 4036022925363821662}
  - component: {fileID: 616463152654279141}
  m_Layer: 5
  m_Name: tag
  m_TagString: Untagged
  m_Icon: {fileID: 0}
  m_NavMeshLayer: 0
  m_StaticEditorFlags: 0
  m_IsActive: 1
--- !u!224 &3721944450712317819
RectTransform:
  m_ObjectHideFlags: 0
  m_CorrespondingSourceObject: {fileID: 0}
  m_PrefabInstance: {fileID: 0}
  m_PrefabAsset: {fileID: 0}
  m_GameObject: {fileID: 3572049853368738650}
  m_LocalRotation: {x: 0, y: 0, z: 0, w: 1}
  m_LocalPosition: {x: 0, y: 0, z: 0}
  m_LocalScale: {x: 1, y: 1, z: 1}
  m_Children: []
  m_Father: {fileID: 6361440864541181223}
  m_RootOrder: 0
  m_LocalEulerAnglesHint: {x: 0, y: 0, z: 0}
  m_AnchorMin: {x: 0.5, y: 0.5}
  m_AnchorMax: {x: 0.5, y: 0.5}
  m_AnchoredPosition: {x: 0, y: 0}
  m_SizeDelta: {x: 160, y: 30}
  m_Pivot: {x: 0.5, y: 0.5}
--- !u!222 &4036022925363821662
CanvasRenderer:
  m_ObjectHideFlags: 0
  m_CorrespondingSourceObject: {fileID: 0}
  m_PrefabInstance: {fileID: 0}
  m_PrefabAsset: {fileID: 0}
  m_GameObject: {fileID: 3572049853368738650}
  m_CullTransparentMesh: 0
--- !u!114 &616463152654279141
MonoBehaviour:
  m_ObjectHideFlags: 0
  m_CorrespondingSourceObject: {fileID: 0}
  m_PrefabInstance: {fileID: 0}
  m_PrefabAsset: {fileID: 0}
  m_GameObject: {fileID: 3572049853368738650}
  m_Enabled: 0
  m_EditorHideFlags: 0
  m_Script: {fileID: 708705254, guid: f70555f144d8491a825f0804e09c671c, type: 3}
  m_Name: 
  m_EditorClassIdentifier: 
  m_Material: {fileID: 0}
  m_Color: {r: 0.19607843, g: 0.19607843, b: 0.19607843, a: 1}
  m_RaycastTarget: 1
  m_OnCullStateChanged:
    m_PersistentCalls:
      m_Calls: []
    m_TypeName: UnityEngine.UI.MaskableGraphic+CullStateChangedEvent, UnityEngine.UI,
      Version=1.0.0.0, Culture=neutral, PublicKeyToken=null
  m_FontData:
    m_Font: {fileID: 10102, guid: 0000000000000000e000000000000000, type: 0}
    m_FontSize: 14
    m_FontStyle: 0
    m_BestFit: 0
    m_MinSize: 10
    m_MaxSize: 40
    m_Alignment: 0
    m_AlignByGeometry: 0
    m_RichText: 1
    m_HorizontalOverflow: 0
    m_VerticalOverflow: 0
    m_LineSpacing: 1
  m_Text: Walking Objects
--- !u!1 &3680154831391775398
GameObject:
  m_ObjectHideFlags: 0
  m_CorrespondingSourceObject: {fileID: 0}
  m_PrefabInstance: {fileID: 0}
  m_PrefabAsset: {fileID: 0}
  serializedVersion: 6
  m_Component:
  - component: {fileID: 3010528623008747261}
  m_Layer: 0
  m_Name: FU_1_L
  m_TagString: Untagged
  m_Icon: {fileID: 0}
  m_NavMeshLayer: 0
  m_StaticEditorFlags: 0
  m_IsActive: 1
--- !u!4 &3010528623008747261
Transform:
  m_ObjectHideFlags: 0
  m_CorrespondingSourceObject: {fileID: 0}
  m_PrefabInstance: {fileID: 0}
  m_PrefabAsset: {fileID: 0}
  m_GameObject: {fileID: 3680154831391775398}
  m_LocalRotation: {x: -0.00000081326823, y: 0.729594, z: -0.5905885, w: -0.3448156}
  m_LocalPosition: {x: 0.0018340916, y: -0.005386991, z: -0.001619005}
  m_LocalScale: {x: 1, y: 1, z: 1}
  m_Children:
  - {fileID: 1062633636256181866}
  m_Father: {fileID: 4390743782044455311}
  m_RootOrder: 1
  m_LocalEulerAnglesHint: {x: 59.51702, y: -126.35046, z: 53.405895}
--- !u!1 &3699018983601764935
GameObject:
  m_ObjectHideFlags: 0
  m_CorrespondingSourceObject: {fileID: 0}
  m_PrefabInstance: {fileID: 0}
  m_PrefabAsset: {fileID: 0}
  serializedVersion: 6
  m_Component:
  - component: {fileID: 6827236635949887596}
  m_Layer: 0
  m_Name: FU_1_R
  m_TagString: Untagged
  m_Icon: {fileID: 0}
  m_NavMeshLayer: 0
  m_StaticEditorFlags: 0
  m_IsActive: 1
--- !u!4 &6827236635949887596
Transform:
  m_ObjectHideFlags: 0
  m_CorrespondingSourceObject: {fileID: 0}
  m_PrefabInstance: {fileID: 0}
  m_PrefabAsset: {fileID: 0}
  m_GameObject: {fileID: 3699018983601764935}
  m_LocalRotation: {x: -0.3253671, y: 0.7988555, z: -0.49287957, w: -0.11417501}
  m_LocalPosition: {x: 0.0018340762, y: 0.0053870273, z: -0.0016189974}
  m_LocalScale: {x: 1, y: 1, z: 0.99999994}
  m_Children:
  - {fileID: 8762203222452388556}
  m_Father: {fileID: 4390743782044455311}
  m_RootOrder: 2
  m_LocalEulerAnglesHint: {x: 59.516617, y: 135.14546, z: -53.40625}
--- !u!1 &3830494278297975546
GameObject:
  m_ObjectHideFlags: 0
  m_CorrespondingSourceObject: {fileID: 0}
  m_PrefabInstance: {fileID: 0}
  m_PrefabAsset: {fileID: 0}
  serializedVersion: 6
  m_Component:
  - component: {fileID: 1959208146816265012}
  m_Layer: 0
  m_Name: v_B3_R
  m_TagString: Untagged
  m_Icon: {fileID: 0}
  m_NavMeshLayer: 0
  m_StaticEditorFlags: 0
  m_IsActive: 1
--- !u!4 &1959208146816265012
Transform:
  m_ObjectHideFlags: 0
  m_CorrespondingSourceObject: {fileID: 0}
  m_PrefabInstance: {fileID: 0}
  m_PrefabAsset: {fileID: 0}
  m_GameObject: {fileID: 3830494278297975546}
  m_LocalRotation: {x: -0.013552937, y: -0.22565605, z: -0.20957175, w: 0.95130193}
  m_LocalPosition: {x: -0.018423958, y: -8.0093737e-10, z: 0.000000001117587}
  m_LocalScale: {x: 0.99999994, y: 1, z: 0.99999994}
  m_Children: []
  m_Father: {fileID: 3240143676118951696}
  m_RootOrder: 0
  m_LocalEulerAnglesHint: {x: -7.10373, y: -26.24034, z: -27.681002}
--- !u!1 &3841576544112117408
GameObject:
  m_ObjectHideFlags: 0
  m_CorrespondingSourceObject: {fileID: 0}
  m_PrefabInstance: {fileID: 0}
  m_PrefabAsset: {fileID: 0}
  serializedVersion: 6
  m_Component:
  - component: {fileID: 6361440864541181223}
  - component: {fileID: 4280923705993201446}
  - component: {fileID: 9012597126682183533}
  - component: {fileID: 227104671465971211}
  m_Layer: 5
  m_Name: tagCanvas
  m_TagString: Untagged
  m_Icon: {fileID: 0}
  m_NavMeshLayer: 0
  m_StaticEditorFlags: 0
  m_IsActive: 1
--- !u!224 &6361440864541181223
RectTransform:
  m_ObjectHideFlags: 0
  m_CorrespondingSourceObject: {fileID: 0}
  m_PrefabInstance: {fileID: 0}
  m_PrefabAsset: {fileID: 0}
  m_GameObject: {fileID: 3841576544112117408}
  m_LocalRotation: {x: 0, y: 0, z: 0, w: 1}
  m_LocalPosition: {x: 0, y: 0, z: 0}
  m_LocalScale: {x: 0, y: 0, z: 0}
  m_Children:
  - {fileID: 3721944450712317819}
  m_Father: {fileID: 3803452203620374316}
  m_RootOrder: 7
  m_LocalEulerAnglesHint: {x: 0, y: 0, z: 0}
  m_AnchorMin: {x: 0, y: 0}
  m_AnchorMax: {x: 0, y: 0}
  m_AnchoredPosition: {x: 0, y: 0}
  m_SizeDelta: {x: 0, y: 0}
  m_Pivot: {x: 0, y: 0}
--- !u!223 &4280923705993201446
Canvas:
  m_ObjectHideFlags: 0
  m_CorrespondingSourceObject: {fileID: 0}
  m_PrefabInstance: {fileID: 0}
  m_PrefabAsset: {fileID: 0}
  m_GameObject: {fileID: 3841576544112117408}
  m_Enabled: 1
  serializedVersion: 3
  m_RenderMode: 0
  m_Camera: {fileID: 0}
  m_PlaneDistance: 100
  m_PixelPerfect: 0
  m_ReceivesEvents: 1
  m_OverrideSorting: 0
  m_OverridePixelPerfect: 0
  m_SortingBucketNormalizedSize: 0
  m_AdditionalShaderChannelsFlag: 0
  m_SortingLayerID: 0
  m_SortingOrder: 0
  m_TargetDisplay: 0
--- !u!114 &9012597126682183533
MonoBehaviour:
  m_ObjectHideFlags: 0
  m_CorrespondingSourceObject: {fileID: 0}
  m_PrefabInstance: {fileID: 0}
  m_PrefabAsset: {fileID: 0}
  m_GameObject: {fileID: 3841576544112117408}
  m_Enabled: 1
  m_EditorHideFlags: 0
  m_Script: {fileID: 1980459831, guid: f70555f144d8491a825f0804e09c671c, type: 3}
  m_Name: 
  m_EditorClassIdentifier: 
  m_UiScaleMode: 0
  m_ReferencePixelsPerUnit: 100
  m_ScaleFactor: 1
  m_ReferenceResolution: {x: 800, y: 600}
  m_ScreenMatchMode: 0
  m_MatchWidthOrHeight: 0
  m_PhysicalUnit: 3
  m_FallbackScreenDPI: 96
  m_DefaultSpriteDPI: 96
  m_DynamicPixelsPerUnit: 1
--- !u!114 &227104671465971211
MonoBehaviour:
  m_ObjectHideFlags: 0
  m_CorrespondingSourceObject: {fileID: 0}
  m_PrefabInstance: {fileID: 0}
  m_PrefabAsset: {fileID: 0}
  m_GameObject: {fileID: 3841576544112117408}
  m_Enabled: 1
  m_EditorHideFlags: 0
  m_Script: {fileID: 1301386320, guid: f70555f144d8491a825f0804e09c671c, type: 3}
  m_Name: 
  m_EditorClassIdentifier: 
  m_IgnoreReversedGraphics: 1
  m_BlockingObjects: 0
  m_BlockingMask:
    serializedVersion: 2
    m_Bits: 4294967295
--- !u!1 &3859402979461972984
GameObject:
  m_ObjectHideFlags: 0
  m_CorrespondingSourceObject: {fileID: 0}
  m_PrefabInstance: {fileID: 0}
  m_PrefabAsset: {fileID: 0}
  serializedVersion: 6
  m_Component:
  - component: {fileID: 4258645292269528521}
  m_Layer: 0
  m_Name: v4_B1_R
  m_TagString: Untagged
  m_Icon: {fileID: 0}
  m_NavMeshLayer: 0
  m_StaticEditorFlags: 0
  m_IsActive: 1
--- !u!4 &4258645292269528521
Transform:
  m_ObjectHideFlags: 0
  m_CorrespondingSourceObject: {fileID: 0}
  m_PrefabInstance: {fileID: 0}
  m_PrefabAsset: {fileID: 0}
  m_GameObject: {fileID: 3859402979461972984}
  m_LocalRotation: {x: -0.061816182, y: 0.07253657, z: -0.3487095, w: 0.93237275}
  m_LocalPosition: {x: -0.014830447, y: 0.005643249, z: -0.0033553885}
  m_LocalScale: {x: 0.99999994, y: 1, z: 0.99999994}
  m_Children:
  - {fileID: 8008640808984332656}
  m_Father: {fileID: 4390743782044455311}
  m_RootOrder: 8
  m_LocalEulerAnglesHint: {x: 4.928591, y: 18.79331, z: -47.06171}
--- !u!1 &3930926569079223734
GameObject:
  m_ObjectHideFlags: 0
  m_CorrespondingSourceObject: {fileID: 0}
  m_PrefabInstance: {fileID: 0}
  m_PrefabAsset: {fileID: 0}
  serializedVersion: 6
  m_Component:
  - component: {fileID: 4390743782044455311}
  m_Layer: 0
  m_Name: Body
  m_TagString: Untagged
  m_Icon: {fileID: 0}
  m_NavMeshLayer: 0
  m_StaticEditorFlags: 0
  m_IsActive: 1
--- !u!4 &4390743782044455311
Transform:
  m_ObjectHideFlags: 0
  m_CorrespondingSourceObject: {fileID: 0}
  m_PrefabInstance: {fileID: 0}
  m_PrefabAsset: {fileID: 0}
  m_GameObject: {fileID: 3930926569079223734}
  m_LocalRotation: {x: -0.00000071439297, y: 0.571992, z: 0.8202592, w: 0.0000006605048}
  m_LocalPosition: {x: -0.007955721, y: -0.0063872356, z: -0.0023527427}
  m_LocalScale: {x: 1, y: 1, z: 1.0000001}
  m_Children:
  - {fileID: 2923597500141328827}
  - {fileID: 3010528623008747261}
  - {fileID: 6827236635949887596}
  - {fileID: 4577336789757974473}
  - {fileID: 7884658381148857289}
  - {fileID: 3270709848372586112}
  - {fileID: 6722465461657804526}
  - {fileID: 6791282992734631623}
  - {fileID: 4258645292269528521}
  - {fileID: 1476153042331240687}
  - {fileID: 655618971615475314}
  - {fileID: 6703133944827974540}
  - {fileID: 3870478971719829581}
  m_Father: {fileID: 8491385680800499525}
  m_RootOrder: 0
  m_LocalEulerAnglesHint: {x: -69.778496, y: -0.00006901809, z: 179.99994}
--- !u!1 &4173180451662082115
GameObject:
  m_ObjectHideFlags: 0
  m_CorrespondingSourceObject: {fileID: 0}
  m_PrefabInstance: {fileID: 0}
  m_PrefabAsset: {fileID: 0}
  serializedVersion: 6
  m_Component:
  - component: {fileID: 8008640808984332656}
  m_Layer: 0
  m_Name: v4_B2_R
  m_TagString: Untagged
  m_Icon: {fileID: 0}
  m_NavMeshLayer: 0
  m_StaticEditorFlags: 0
  m_IsActive: 1
--- !u!4 &8008640808984332656
Transform:
  m_ObjectHideFlags: 0
  m_CorrespondingSourceObject: {fileID: 0}
  m_PrefabInstance: {fileID: 0}
  m_PrefabAsset: {fileID: 0}
  m_GameObject: {fileID: 4173180451662082115}
  m_LocalRotation: {x: 0.16826572, y: -0.26622403, z: 0.19988075, w: 0.9278249}
  m_LocalPosition: {x: -0.016255911, y: 0.0000000013597309, z: 0}
  m_LocalScale: {x: 1.0000001, y: 1.0000001, z: 1.0000001}
  m_Children:
  - {fileID: 928320057060227820}
  m_Father: {fileID: 4258645292269528521}
  m_RootOrder: 0
  m_LocalEulerAnglesHint: {x: 27.155293, y: -36.57067, z: 21.579792}
--- !u!1 &4218180468204979733
GameObject:
  m_ObjectHideFlags: 0
  m_CorrespondingSourceObject: {fileID: 0}
  m_PrefabInstance: {fileID: 0}
  m_PrefabAsset: {fileID: 0}
  serializedVersion: 6
  m_Component:
  - component: {fileID: 8762203222452388556}
  m_Layer: 0
  m_Name: FU_2_R
  m_TagString: Untagged
  m_Icon: {fileID: 0}
  m_NavMeshLayer: 0
  m_StaticEditorFlags: 0
  m_IsActive: 1
--- !u!4 &8762203222452388556
Transform:
  m_ObjectHideFlags: 0
  m_CorrespondingSourceObject: {fileID: 0}
  m_PrefabInstance: {fileID: 0}
  m_PrefabAsset: {fileID: 0}
  m_GameObject: {fileID: 4218180468204979733}
  m_LocalRotation: {x: -0.4525158, y: 0.27144548, z: 0.21481222, w: 0.8218287}
  m_LocalPosition: {x: -0.006163579, y: 5.9604643e-10, z: -7.4505804e-11}
  m_LocalScale: {x: 1, y: 1, z: 0.9999999}
  m_Children:
  - {fileID: 6516632408587341809}
  m_Father: {fileID: 6827236635949887596}
  m_RootOrder: 0
  m_LocalEulerAnglesHint: {x: -59.36158, y: 29.603848, z: 12.167335}
--- !u!1 &4354313307790778787
GameObject:
  m_ObjectHideFlags: 0
  m_CorrespondingSourceObject: {fileID: 0}
  m_PrefabInstance: {fileID: 0}
  m_PrefabAsset: {fileID: 0}
  serializedVersion: 6
  m_Component:
  - component: {fileID: 1774224979878161372}
  m_Layer: 0
  m_Name: v4_B3_L
  m_TagString: Untagged
  m_Icon: {fileID: 0}
  m_NavMeshLayer: 0
  m_StaticEditorFlags: 0
  m_IsActive: 1
--- !u!4 &1774224979878161372
Transform:
  m_ObjectHideFlags: 0
  m_CorrespondingSourceObject: {fileID: 0}
  m_PrefabInstance: {fileID: 0}
  m_PrefabAsset: {fileID: 0}
  m_GameObject: {fileID: 4354313307790778787}
  m_LocalRotation: {x: -0.032639343, y: -0.16724476, z: -0.096886694, w: 0.98060024}
  m_LocalPosition: {x: -0.021530135, y: 0.0000000029057263, z: 0.0000000031292438}
  m_LocalScale: {x: 0.9999997, y: 0.99999976, z: 0.9999999}
  m_Children: []
  m_Father: {fileID: 5403753933163413025}
  m_RootOrder: 0
  m_LocalEulerAnglesHint: {x: -9.089486, y: -32.110962, z: -19.413122}
--- !u!1 &4386614463707279211
GameObject:
  m_ObjectHideFlags: 0
  m_CorrespondingSourceObject: {fileID: 0}
  m_PrefabInstance: {fileID: 0}
  m_PrefabAsset: {fileID: 0}
  serializedVersion: 6
  m_Component:
  - component: {fileID: 323101157032734968}
  m_Layer: 0
  m_Name: v_B2_L
  m_TagString: Untagged
  m_Icon: {fileID: 0}
  m_NavMeshLayer: 0
  m_StaticEditorFlags: 0
  m_IsActive: 1
--- !u!4 &323101157032734968
Transform:
  m_ObjectHideFlags: 0
  m_CorrespondingSourceObject: {fileID: 0}
  m_PrefabInstance: {fileID: 0}
  m_PrefabAsset: {fileID: 0}
  m_GameObject: {fileID: 4386614463707279211}
  m_LocalRotation: {x: 0.13822857, y: -0.26183867, z: 0.1328398, w: 0.9458789}
  m_LocalPosition: {x: -0.01593527, y: 0.000000002980232, z: -2.2351741e-10}
  m_LocalScale: {x: 0.99999994, y: 1, z: 1.0000001}
  m_Children:
  - {fileID: 3193388990252311367}
  m_Father: {fileID: 1476153042331240687}
  m_RootOrder: 0
  m_LocalEulerAnglesHint: {x: 15.501831, y: -24.61807, z: 15.452297}
--- !u!1 &4594688982766128722
GameObject:
  m_ObjectHideFlags: 0
  m_CorrespondingSourceObject: {fileID: 0}
  m_PrefabInstance: {fileID: 0}
  m_PrefabAsset: {fileID: 0}
  serializedVersion: 6
  m_Component:
  - component: {fileID: 4978536235748699407}
  m_Layer: 0
  m_Name: v2_B2_R
  m_TagString: Untagged
  m_Icon: {fileID: 0}
  m_NavMeshLayer: 0
  m_StaticEditorFlags: 0
  m_IsActive: 1
--- !u!4 &4978536235748699407
Transform:
  m_ObjectHideFlags: 0
  m_CorrespondingSourceObject: {fileID: 0}
  m_PrefabInstance: {fileID: 0}
  m_PrefabAsset: {fileID: 0}
  m_GameObject: {fileID: 4594688982766128722}
  m_LocalRotation: {x: -0.58651656, y: -0.3440846, z: -0.045501173, w: 0.7318018}
  m_LocalPosition: {x: -0.014688902, y: 0.0000000011920929, z: 7.8231094e-10}
  m_LocalScale: {x: 1.0000001, y: 1, z: 1}
  m_Children:
  - {fileID: 1058103113309390235}
  m_Father: {fileID: 7884658381148857289}
  m_RootOrder: 0
  m_LocalEulerAnglesHint: {x: -64.798195, y: -73.11465, z: 40.03095}
--- !u!1 &4745342729524457866
GameObject:
  m_ObjectHideFlags: 0
  m_CorrespondingSourceObject: {fileID: 0}
  m_PrefabInstance: {fileID: 0}
  m_PrefabAsset: {fileID: 0}
  serializedVersion: 6
  m_Component:
  - component: {fileID: 73950202933895457}
  - component: {fileID: 4966274653645724070}
  m_Layer: 0
  m_Name: Spider_Fur
  m_TagString: Untagged
  m_Icon: {fileID: 0}
  m_NavMeshLayer: 0
  m_StaticEditorFlags: 0
  m_IsActive: 1
--- !u!4 &73950202933895457
Transform:
  m_ObjectHideFlags: 0
  m_CorrespondingSourceObject: {fileID: 0}
  m_PrefabInstance: {fileID: 0}
  m_PrefabAsset: {fileID: 0}
  m_GameObject: {fileID: 4745342729524457866}
  m_LocalRotation: {x: 0, y: -0, z: -0, w: 1}
  m_LocalPosition: {x: -1.862645e-11, y: 0.000121114856, z: -0.02050272}
  m_LocalScale: {x: 1, y: 1, z: 1}
  m_Children: []
  m_Father: {fileID: 3803452203620374316}
  m_RootOrder: 4
  m_LocalEulerAnglesHint: {x: 0, y: 0, z: 0}
--- !u!137 &4966274653645724070
SkinnedMeshRenderer:
  m_ObjectHideFlags: 0
  m_CorrespondingSourceObject: {fileID: 0}
  m_PrefabInstance: {fileID: 0}
  m_PrefabAsset: {fileID: 0}
  m_GameObject: {fileID: 4745342729524457866}
  m_Enabled: 1
  m_CastShadows: 1
  m_ReceiveShadows: 1
  m_DynamicOccludee: 1
  m_MotionVectors: 1
  m_LightProbeUsage: 1
  m_ReflectionProbeUsage: 1
  m_RenderingLayerMask: 1
  m_RendererPriority: 0
  m_Materials:
  - {fileID: 4036439041822425645, guid: 7f4754bd2399ede439ace5521c8ba6a2, type: 3}
  - {fileID: 6973594590567186683, guid: 7f4754bd2399ede439ace5521c8ba6a2, type: 3}
  m_StaticBatchInfo:
    firstSubMesh: 0
    subMeshCount: 0
  m_StaticBatchRoot: {fileID: 0}
  m_ProbeAnchor: {fileID: 0}
  m_LightProbeVolumeOverride: {fileID: 0}
  m_ScaleInLightmap: 1
  m_PreserveUVs: 0
  m_IgnoreNormalsForChartDetection: 0
  m_ImportantGI: 0
  m_StitchLightmapSeams: 1
  m_SelectedEditorRenderState: 3
  m_MinimumChartSize: 4
  m_AutoUVMaxDistance: 0.5
  m_AutoUVMaxAngle: 89
  m_LightmapParameters: {fileID: 0}
  m_SortingLayerID: 0
  m_SortingLayer: 0
  m_SortingOrder: 0
  serializedVersion: 2
  m_Quality: 0
  m_UpdateWhenOffscreen: 0
  m_SkinnedMotionVectors: 1
  m_Mesh: {fileID: -8901050967148137812, guid: 7f4754bd2399ede439ace5521c8ba6a2, type: 3}
  m_Bones:
  - {fileID: 5056100468088794153}
  - {fileID: 8491385680800499525}
  - {fileID: 4390743782044455311}
  - {fileID: 2923597500141328827}
  - {fileID: 1476153042331240687}
  - {fileID: 323101157032734968}
  - {fileID: 3193388990252311367}
  - {fileID: 4577336789757974473}
  - {fileID: 8002837914436962497}
  - {fileID: 5212397217106956667}
  - {fileID: 3270709848372586112}
  - {fileID: 3419602188371835705}
  - {fileID: 7796586293796926339}
  - {fileID: 6791282992734631623}
  - {fileID: 5403753933163413025}
  - {fileID: 1774224979878161372}
  - {fileID: 3010528623008747261}
  - {fileID: 1062633636256181866}
  - {fileID: 657783518221508314}
  - {fileID: 6703133944827974540}
  - {fileID: 655618971615475314}
  - {fileID: 3240143676118951696}
  - {fileID: 1959208146816265012}
  - {fileID: 7884658381148857289}
  - {fileID: 4978536235748699407}
  - {fileID: 1058103113309390235}
  - {fileID: 6722465461657804526}
  - {fileID: 2018138887218126052}
  - {fileID: 2148013576083281244}
  - {fileID: 4258645292269528521}
  - {fileID: 8008640808984332656}
  - {fileID: 928320057060227820}
  - {fileID: 6827236635949887596}
  - {fileID: 8762203222452388556}
  - {fileID: 6516632408587341809}
  - {fileID: 3870478971719829581}
  - {fileID: 6611110900831703532}
  - {fileID: 7560903969956004561}
  - {fileID: 7628255888351230532}
  - {fileID: 2677426003213798772}
  - {fileID: 2980144396079650112}
  - {fileID: 3145604604887151859}
  - {fileID: 3882954588676632729}
  - {fileID: 3449134869248182609}
  m_BlendShapeWeights: []
  m_RootBone: {fileID: 5056100468088794153}
  m_AABB:
    m_Center: {x: 0.008230442, y: -0.009907473, z: -0.0076245554}
    m_Extent: {x: 0.049033374, y: 0.036299165, z: 0.046317894}
  m_DirtyAABB: 0
--- !u!1 &4834703445624529301
GameObject:
  m_ObjectHideFlags: 0
  m_CorrespondingSourceObject: {fileID: 0}
  m_PrefabInstance: {fileID: 0}
  m_PrefabAsset: {fileID: 0}
  serializedVersion: 6
  m_Component:
  - component: {fileID: 1581162895319109178}
  - component: {fileID: 2456294033350155702}
  m_Layer: 0
  m_Name: GameObject
  m_TagString: Untagged
  m_Icon: {fileID: 0}
  m_NavMeshLayer: 0
  m_StaticEditorFlags: 0
  m_IsActive: 1
--- !u!4 &1581162895319109178
Transform:
  m_ObjectHideFlags: 0
  m_CorrespondingSourceObject: {fileID: 0}
  m_PrefabInstance: {fileID: 0}
  m_PrefabAsset: {fileID: 0}
  m_GameObject: {fileID: 4834703445624529301}
  m_LocalRotation: {x: -0, y: -0, z: -0, w: 1}
  m_LocalPosition: {x: 0, y: 0, z: 0}
  m_LocalScale: {x: 1, y: 1, z: 1}
  m_Children: []
  m_Father: {fileID: 3803452203620374316}
  m_RootOrder: 6
  m_LocalEulerAnglesHint: {x: 0, y: 0, z: 0}
--- !u!65 &2456294033350155702
BoxCollider:
  m_ObjectHideFlags: 0
  m_CorrespondingSourceObject: {fileID: 0}
  m_PrefabInstance: {fileID: 0}
  m_PrefabAsset: {fileID: 0}
  m_GameObject: {fileID: 4834703445624529301}
  m_Material: {fileID: 0}
  m_IsTrigger: 1
  m_Enabled: 1
  serializedVersion: 2
  m_Size: {x: 1.5, y: 1.3, z: 2}
  m_Center: {x: 0, y: 0.6, z: 0}
--- !u!1 &5421074773113946973
GameObject:
  m_ObjectHideFlags: 0
  m_CorrespondingSourceObject: {fileID: 0}
  m_PrefabInstance: {fileID: 0}
  m_PrefabAsset: {fileID: 0}
  serializedVersion: 6
  m_Component:
  - component: {fileID: 3145604604887151859}
  m_Layer: 0
  m_Name: v2_B3_R_001
  m_TagString: Untagged
  m_Icon: {fileID: 0}
  m_NavMeshLayer: 0
  m_StaticEditorFlags: 0
  m_IsActive: 1
--- !u!4 &3145604604887151859
Transform:
  m_ObjectHideFlags: 0
  m_CorrespondingSourceObject: {fileID: 0}
  m_PrefabInstance: {fileID: 0}
  m_PrefabAsset: {fileID: 0}
  m_GameObject: {fileID: 5421074773113946973}
  m_LocalRotation: {x: -0.19919655, y: -0.48783305, z: -0.51187736, w: 0.6784698}
  m_LocalPosition: {x: 0.028383901, y: 0.01275871, z: -0.04188551}
  m_LocalScale: {x: 0.100510694, y: 0.09591247, z: 0.027176348}
  m_Children: []
  m_Father: {fileID: 5056100468088794153}
  m_RootOrder: 2
  m_LocalEulerAnglesHint: {x: -50.328667, y: -45.84741, z: -51.591457}
--- !u!1 &5425150298792890703
GameObject:
  m_ObjectHideFlags: 0
  m_CorrespondingSourceObject: {fileID: 0}
  m_PrefabInstance: {fileID: 0}
  m_PrefabAsset: {fileID: 0}
  serializedVersion: 6
  m_Component:
  - component: {fileID: 6722465461657804526}
  m_Layer: 0
  m_Name: v3_B1_R
  m_TagString: Untagged
  m_Icon: {fileID: 0}
  m_NavMeshLayer: 0
  m_StaticEditorFlags: 0
  m_IsActive: 1
--- !u!4 &6722465461657804526
Transform:
  m_ObjectHideFlags: 0
  m_CorrespondingSourceObject: {fileID: 0}
  m_PrefabInstance: {fileID: 0}
  m_PrefabAsset: {fileID: 0}
  m_GameObject: {fileID: 5425150298792890703}
  m_LocalRotation: {x: -0.34717873, y: 0.38015276, z: -0.50347835, w: 0.69387347}
  m_LocalPosition: {x: -0.011522216, y: 0.005895733, z: -0.003555958}
  m_LocalScale: {x: 0.99999976, y: 0.99999994, z: 1}
  m_Children:
  - {fileID: 2018138887218126052}
  m_Father: {fileID: 4390743782044455311}
  m_RootOrder: 6
  m_LocalEulerAnglesHint: {x: 4.588337, y: 64.60743, z: -65.92091}
--- !u!1 &5659272937962372789
GameObject:
  m_ObjectHideFlags: 0
  m_CorrespondingSourceObject: {fileID: 0}
  m_PrefabInstance: {fileID: 0}
  m_PrefabAsset: {fileID: 0}
  serializedVersion: 6
  m_Component:
  - component: {fileID: 3193388990252311367}
  m_Layer: 0
  m_Name: v_B3_L
  m_TagString: Untagged
  m_Icon: {fileID: 0}
  m_NavMeshLayer: 0
  m_StaticEditorFlags: 0
  m_IsActive: 1
--- !u!4 &3193388990252311367
Transform:
  m_ObjectHideFlags: 0
  m_CorrespondingSourceObject: {fileID: 0}
  m_PrefabInstance: {fileID: 0}
  m_PrefabAsset: {fileID: 0}
  m_GameObject: {fileID: 5659272937962372789}
  m_LocalRotation: {x: 0.037932392, y: -0.23095562, z: 0.20371972, w: 0.95064133}
  m_LocalPosition: {x: -0.018423995, y: 0.0000000017136335, z: -1.4901161e-10}
  m_LocalScale: {x: 1.0000001, y: 1.0000001, z: 1.0000001}
  m_Children: []
  m_Father: {fileID: 323101157032734968}
  m_RootOrder: 0
  m_LocalEulerAnglesHint: {x: 9.483836, y: -26.03784, z: 27.808563}
--- !u!1 &5777308188291995021
GameObject:
  m_ObjectHideFlags: 0
  m_CorrespondingSourceObject: {fileID: 0}
  m_PrefabInstance: {fileID: 0}
  m_PrefabAsset: {fileID: 0}
  serializedVersion: 6
  m_Component:
  - component: {fileID: 657783518221508314}
  m_Layer: 0
  m_Name: FU_3_L
  m_TagString: Untagged
  m_Icon: {fileID: 0}
  m_NavMeshLayer: 0
  m_StaticEditorFlags: 0
  m_IsActive: 1
--- !u!4 &657783518221508314
Transform:
  m_ObjectHideFlags: 0
  m_CorrespondingSourceObject: {fileID: 0}
  m_PrefabInstance: {fileID: 0}
  m_PrefabAsset: {fileID: 0}
  m_GameObject: {fileID: 5777308188291995021}
  m_LocalRotation: {x: -0.46299303, y: 0.08837344, z: -0.13757467, w: 0.8711491}
  m_LocalPosition: {x: -0.006449293, y: -5.7742e-10, z: -5.9604643e-10}
  m_LocalScale: {x: 1.0000001, y: 1, z: 0.99999994}
  m_Children: []
  m_Father: {fileID: 1062633636256181866}
  m_RootOrder: 0
  m_LocalEulerAnglesHint: {x: -51.476795, y: 26.85612, z: -31.080177}
--- !u!1 &5811664931956655746
GameObject:
  m_ObjectHideFlags: 0
  m_CorrespondingSourceObject: {fileID: 0}
  m_PrefabInstance: {fileID: 0}
  m_PrefabAsset: {fileID: 0}
  serializedVersion: 6
  m_Component:
  - component: {fileID: 3630212815484518678}
  - component: {fileID: 4602556602256226252}
  m_Layer: 0
  m_Name: Spider_Eyes
  m_TagString: Untagged
  m_Icon: {fileID: 0}
  m_NavMeshLayer: 0
  m_StaticEditorFlags: 0
  m_IsActive: 1
--- !u!4 &3630212815484518678
Transform:
  m_ObjectHideFlags: 0
  m_CorrespondingSourceObject: {fileID: 0}
  m_PrefabInstance: {fileID: 0}
  m_PrefabAsset: {fileID: 0}
  m_GameObject: {fileID: 5811664931956655746}
  m_LocalRotation: {x: 0, y: -0, z: -0, w: 1}
  m_LocalPosition: {x: -1.862645e-11, y: 0.000121114856, z: -0.02050272}
  m_LocalScale: {x: 1, y: 1, z: 1}
  m_Children: []
  m_Father: {fileID: 3803452203620374316}
  m_RootOrder: 3
  m_LocalEulerAnglesHint: {x: 0, y: 0, z: 0}
--- !u!137 &4602556602256226252
SkinnedMeshRenderer:
  m_ObjectHideFlags: 0
  m_CorrespondingSourceObject: {fileID: 0}
  m_PrefabInstance: {fileID: 0}
  m_PrefabAsset: {fileID: 0}
  m_GameObject: {fileID: 5811664931956655746}
  m_Enabled: 1
  m_CastShadows: 1
  m_ReceiveShadows: 1
  m_DynamicOccludee: 1
  m_MotionVectors: 1
  m_LightProbeUsage: 1
  m_ReflectionProbeUsage: 1
  m_RenderingLayerMask: 1
  m_RendererPriority: 0
  m_Materials:
  - {fileID: 8327498958260343680, guid: 7f4754bd2399ede439ace5521c8ba6a2, type: 3}
  m_StaticBatchInfo:
    firstSubMesh: 0
    subMeshCount: 0
  m_StaticBatchRoot: {fileID: 0}
  m_ProbeAnchor: {fileID: 0}
  m_LightProbeVolumeOverride: {fileID: 0}
  m_ScaleInLightmap: 1
  m_PreserveUVs: 0
  m_IgnoreNormalsForChartDetection: 0
  m_ImportantGI: 0
  m_StitchLightmapSeams: 1
  m_SelectedEditorRenderState: 3
  m_MinimumChartSize: 4
  m_AutoUVMaxDistance: 0.5
  m_AutoUVMaxAngle: 89
  m_LightmapParameters: {fileID: 0}
  m_SortingLayerID: 0
  m_SortingLayer: 0
  m_SortingOrder: 0
  serializedVersion: 2
  m_Quality: 0
  m_UpdateWhenOffscreen: 0
  m_SkinnedMotionVectors: 1
  m_Mesh: {fileID: -778568902184403730, guid: 7f4754bd2399ede439ace5521c8ba6a2, type: 3}
  m_Bones:
  - {fileID: 5056100468088794153}
  - {fileID: 8491385680800499525}
  - {fileID: 4390743782044455311}
  - {fileID: 2923597500141328827}
  - {fileID: 1476153042331240687}
  - {fileID: 323101157032734968}
  - {fileID: 3193388990252311367}
  - {fileID: 4577336789757974473}
  - {fileID: 8002837914436962497}
  - {fileID: 5212397217106956667}
  - {fileID: 3270709848372586112}
  - {fileID: 3419602188371835705}
  - {fileID: 7796586293796926339}
  - {fileID: 6791282992734631623}
  - {fileID: 5403753933163413025}
  - {fileID: 1774224979878161372}
  - {fileID: 3010528623008747261}
  - {fileID: 1062633636256181866}
  - {fileID: 657783518221508314}
  - {fileID: 6703133944827974540}
  - {fileID: 655618971615475314}
  - {fileID: 3240143676118951696}
  - {fileID: 1959208146816265012}
  - {fileID: 7884658381148857289}
  - {fileID: 4978536235748699407}
  - {fileID: 1058103113309390235}
  - {fileID: 6722465461657804526}
  - {fileID: 2018138887218126052}
  - {fileID: 2148013576083281244}
  - {fileID: 4258645292269528521}
  - {fileID: 8008640808984332656}
  - {fileID: 928320057060227820}
  - {fileID: 6827236635949887596}
  - {fileID: 8762203222452388556}
  - {fileID: 6516632408587341809}
  - {fileID: 3870478971719829581}
  - {fileID: 6611110900831703532}
  - {fileID: 7560903969956004561}
  - {fileID: 7628255888351230532}
  - {fileID: 2677426003213798772}
  - {fileID: 2980144396079650112}
  - {fileID: 3145604604887151859}
  - {fileID: 3882954588676632729}
  - {fileID: 3449134869248182609}
  m_BlendShapeWeights: []
  m_RootBone: {fileID: 5056100468088794153}
  m_AABB:
    m_Center: {x: 0.009281655, y: 0.008158034, z: 0.0041794237}
    m_Extent: {x: 0.0013269009, y: 0.0033949988, z: 0.004339399}
  m_DirtyAABB: 0
--- !u!1 &5827741427045385302
GameObject:
  m_ObjectHideFlags: 0
  m_CorrespondingSourceObject: {fileID: 0}
  m_PrefabInstance: {fileID: 0}
  m_PrefabAsset: {fileID: 0}
  serializedVersion: 6
  m_Component:
  - component: {fileID: 3240143676118951696}
  m_Layer: 0
  m_Name: v_B2_R
  m_TagString: Untagged
  m_Icon: {fileID: 0}
  m_NavMeshLayer: 0
  m_StaticEditorFlags: 0
  m_IsActive: 1
--- !u!4 &3240143676118951696
Transform:
  m_ObjectHideFlags: 0
  m_CorrespondingSourceObject: {fileID: 0}
  m_PrefabInstance: {fileID: 0}
  m_PrefabAsset: {fileID: 0}
  m_GameObject: {fileID: 5827741427045385302}
  m_LocalRotation: {x: -0.15536423, y: -0.2572944, z: -0.14143963, w: 0.94321597}
  m_LocalPosition: {x: -0.015935274, y: 0.0000000012665987, z: 1.11758706e-10}
  m_LocalScale: {x: 1, y: 0.99999994, z: 1}
  m_Children:
  - {fileID: 1959208146816265012}
  m_Father: {fileID: 655618971615475314}
  m_RootOrder: 0
  m_LocalEulerAnglesHint: {x: -18.60508, y: -23.469887, z: -13.59803}
--- !u!1 &5830260995162301297
GameObject:
  m_ObjectHideFlags: 0
  m_CorrespondingSourceObject: {fileID: 0}
  m_PrefabInstance: {fileID: 0}
  m_PrefabAsset: {fileID: 0}
  serializedVersion: 6
  m_Component:
  - component: {fileID: 928320057060227820}
  m_Layer: 0
  m_Name: v4_B3_R
  m_TagString: Untagged
  m_Icon: {fileID: 0}
  m_NavMeshLayer: 0
  m_StaticEditorFlags: 0
  m_IsActive: 1
--- !u!4 &928320057060227820
Transform:
  m_ObjectHideFlags: 0
  m_CorrespondingSourceObject: {fileID: 0}
  m_PrefabInstance: {fileID: 0}
  m_PrefabAsset: {fileID: 0}
  m_GameObject: {fileID: 5830260995162301297}
  m_LocalRotation: {x: 0.03263941, y: -0.1672448, z: 0.09688663, w: 0.98060024}
  m_LocalPosition: {x: -0.021530129, y: 8.9406965e-10, z: 0.0000000025331974}
  m_LocalScale: {x: 1, y: 1, z: 1}
  m_Children: []
  m_Father: {fileID: 8008640808984332656}
  m_RootOrder: 0
  m_LocalEulerAnglesHint: {x: 8.1620655, y: -29.346684, z: 17.534555}
--- !u!1 &6523770874379592484
GameObject:
  m_ObjectHideFlags: 0
  m_CorrespondingSourceObject: {fileID: 0}
  m_PrefabInstance: {fileID: 0}
  m_PrefabAsset: {fileID: 0}
  serializedVersion: 6
  m_Component:
  - component: {fileID: 5056100468088794153}
  m_Layer: 0
  m_Name: Body_003
  m_TagString: Untagged
  m_Icon: {fileID: 0}
  m_NavMeshLayer: 0
  m_StaticEditorFlags: 0
  m_IsActive: 1
--- !u!4 &5056100468088794153
Transform:
  m_ObjectHideFlags: 0
  m_CorrespondingSourceObject: {fileID: 0}
  m_PrefabInstance: {fileID: 0}
  m_PrefabAsset: {fileID: 0}
  m_GameObject: {fileID: 6523770874379592484}
  m_LocalRotation: {x: 0.23127864, y: 0.46290538, z: 0.5345266, w: 0.66821414}
  m_LocalPosition: {x: 7.6362194e-11, y: -0.00050572393, z: -0.0000000023841857}
  m_LocalScale: {x: 0.99999994, y: 0.99999994, z: 1}
  m_Children:
  - {fileID: 8491385680800499525}
  - {fileID: 7560903969956004561}
  - {fileID: 3145604604887151859}
  - {fileID: 7628255888351230532}
  - {fileID: 3882954588676632729}
  - {fileID: 2677426003213798772}
  - {fileID: 3449134869248182609}
  - {fileID: 6611110900831703532}
  - {fileID: 2980144396079650112}
  m_Father: {fileID: 1989579766783820384}
  m_RootOrder: 0
  m_LocalEulerAnglesHint: {x: -10.706795, y: 61.791153, z: 70.89619}
--- !u!1 &6627328141703015482
GameObject:
  m_ObjectHideFlags: 0
  m_CorrespondingSourceObject: {fileID: 0}
  m_PrefabInstance: {fileID: 0}
  m_PrefabAsset: {fileID: 0}
  serializedVersion: 6
  m_Component:
  - component: {fileID: 5212397217106956667}
  m_Layer: 0
  m_Name: v2_B3_L
  m_TagString: Untagged
  m_Icon: {fileID: 0}
  m_NavMeshLayer: 0
  m_StaticEditorFlags: 0
  m_IsActive: 1
--- !u!4 &5212397217106956667
Transform:
  m_ObjectHideFlags: 0
  m_CorrespondingSourceObject: {fileID: 0}
  m_PrefabInstance: {fileID: 0}
  m_PrefabAsset: {fileID: 0}
  m_GameObject: {fileID: 6627328141703015482}
  m_LocalRotation: {x: 0.15772055, y: -0.20404306, z: 0.2118234, w: 0.94266725}
  m_LocalPosition: {x: -0.02048182, y: 0.000000002980232, z: -2.9802322e-10}
  m_LocalScale: {x: 1.0000001, y: 0.9999998, z: 0.99999994}
  m_Children: []
  m_Father: {fileID: 8002837914436962497}
  m_RootOrder: 0
  m_LocalEulerAnglesHint: {x: 24.020212, y: -23.773495, z: 31.246613}
--- !u!1 &6891981645925685085
GameObject:
  m_ObjectHideFlags: 0
  m_CorrespondingSourceObject: {fileID: 0}
  m_PrefabInstance: {fileID: 0}
  m_PrefabAsset: {fileID: 0}
  serializedVersion: 6
  m_Component:
  - component: {fileID: 1095988470676116312}
  - component: {fileID: 7890356856459125609}
  m_Layer: 0
  m_Name: Hemi
  m_TagString: Untagged
  m_Icon: {fileID: 0}
  m_NavMeshLayer: 0
  m_StaticEditorFlags: 0
  m_IsActive: 1
--- !u!4 &1095988470676116312
Transform:
  m_ObjectHideFlags: 0
  m_CorrespondingSourceObject: {fileID: 0}
  m_PrefabInstance: {fileID: 0}
  m_PrefabAsset: {fileID: 0}
  m_GameObject: {fileID: 6891981645925685085}
  m_LocalRotation: {x: 0.7071068, y: 0, z: 0, w: 0.7071068}
  m_LocalPosition: {x: 1.1414062, y: 1.5245702, z: -1.2316015}
  m_LocalScale: {x: 1, y: 1, z: 1}
  m_Children: []
  m_Father: {fileID: 3803452203620374316}
  m_RootOrder: 0
  m_LocalEulerAnglesHint: {x: 90, y: 0, z: 0}
--- !u!108 &7890356856459125609
Light:
  m_ObjectHideFlags: 0
  m_CorrespondingSourceObject: {fileID: 0}
  m_PrefabInstance: {fileID: 0}
  m_PrefabAsset: {fileID: 0}
  m_GameObject: {fileID: 6891981645925685085}
  m_Enabled: 1
  serializedVersion: 9
  m_Type: 1
  m_Color: {r: 1, g: 1, b: 1, a: 1}
  m_Intensity: 1
  m_Range: 10
  m_SpotAngle: 30
  m_InnerSpotAngle: 21.80208
  m_CookieSize: 10
  m_Shadows:
    m_Type: 0
    m_Resolution: -1
    m_CustomResolution: -1
    m_Strength: 1
    m_Bias: 0.05
    m_NormalBias: 0.4
    m_NearPlane: 0.2
    m_CullingMatrixOverride:
      e00: 1
      e01: 0
      e02: 0
      e03: 0
      e10: 0
      e11: 1
      e12: 0
      e13: 0
      e20: 0
      e21: 0
      e22: 1
      e23: 0
      e30: 0
      e31: 0
      e32: 0
      e33: 1
    m_UseCullingMatrixOverride: 0
  m_Cookie: {fileID: 0}
  m_DrawHalo: 0
  m_Flare: {fileID: 0}
  m_RenderMode: 0
  m_CullingMask:
    serializedVersion: 2
    m_Bits: 4294967295
  m_RenderingLayerMask: 1
  m_Lightmapping: 4
  m_LightShadowCasterMode: 0
  m_AreaSize: {x: 1, y: 1}
  m_BounceIntensity: 1
  m_ColorTemperature: 6570
  m_UseColorTemperature: 0
  m_BoundingSphereOverride: {x: 0, y: 0, z: 0, w: 0}
  m_UseBoundingSphereOverride: 0
  m_ShadowRadius: 0
  m_ShadowAngle: 0
--- !u!1 &7722716888455746385
GameObject:
  m_ObjectHideFlags: 0
  m_CorrespondingSourceObject: {fileID: 0}
  m_PrefabInstance: {fileID: 0}
  m_PrefabAsset: {fileID: 0}
  serializedVersion: 6
  m_Component:
  - component: {fileID: 3449134869248182609}
  m_Layer: 0
  m_Name: v4_B3_R_001
  m_TagString: Untagged
  m_Icon: {fileID: 0}
  m_NavMeshLayer: 0
  m_StaticEditorFlags: 0
  m_IsActive: 1
--- !u!4 &3449134869248182609
Transform:
  m_ObjectHideFlags: 0
  m_CorrespondingSourceObject: {fileID: 0}
  m_PrefabInstance: {fileID: 0}
  m_PrefabAsset: {fileID: 0}
  m_GameObject: {fileID: 7722716888455746385}
  m_LocalRotation: {x: -0.19919708, y: -0.4878329, z: -0.51187736, w: 0.6784697}
  m_LocalPosition: {x: -0.036629412, y: -0.019496199, z: -0.038039524}
  m_LocalScale: {x: 0.09968829, y: 0.09591248, z: 0.027176343}
  m_Children: []
  m_Father: {fileID: 5056100468088794153}
  m_RootOrder: 6
  m_LocalEulerAnglesHint: {x: -50.328712, y: -45.847378, z: -51.591454}
--- !u!1 &7731525708882472740
GameObject:
  m_ObjectHideFlags: 0
  m_CorrespondingSourceObject: {fileID: 0}
  m_PrefabInstance: {fileID: 0}
  m_PrefabAsset: {fileID: 0}
  serializedVersion: 6
  m_Component:
  - component: {fileID: 1989579766783820384}
  m_Layer: 0
  m_Name: Spider_Armature
  m_TagString: Untagged
  m_Icon: {fileID: 0}
  m_NavMeshLayer: 0
  m_StaticEditorFlags: 0
  m_IsActive: 1
--- !u!4 &1989579766783820384
Transform:
  m_ObjectHideFlags: 0
  m_CorrespondingSourceObject: {fileID: 0}
  m_PrefabInstance: {fileID: 0}
  m_PrefabAsset: {fileID: 0}
  m_GameObject: {fileID: 7731525708882472740}
  m_LocalRotation: {x: -0.7071068, y: 0, z: -0, w: 0.7071068}
  m_LocalPosition: {x: -0, y: 0.4100544, z: -0.002422297}
  m_LocalScale: {x: 20, y: 20, z: 20}
  m_Children:
  - {fileID: 5056100468088794153}
  m_Father: {fileID: 3803452203620374316}
  m_RootOrder: 2
  m_LocalEulerAnglesHint: {x: -90, y: 0, z: 0}
--- !u!1 &7767072858224220729
GameObject:
  m_ObjectHideFlags: 0
  m_CorrespondingSourceObject: {fileID: 0}
  m_PrefabInstance: {fileID: 0}
  m_PrefabAsset: {fileID: 0}
  serializedVersion: 6
  m_Component:
  - component: {fileID: 7796586293796926339}
  m_Layer: 0
  m_Name: v3_B3_L
  m_TagString: Untagged
  m_Icon: {fileID: 0}
  m_NavMeshLayer: 0
  m_StaticEditorFlags: 0
  m_IsActive: 1
--- !u!4 &7796586293796926339
Transform:
  m_ObjectHideFlags: 0
  m_CorrespondingSourceObject: {fileID: 0}
  m_PrefabInstance: {fileID: 0}
  m_PrefabAsset: {fileID: 0}
  m_GameObject: {fileID: 7767072858224220729}
  m_LocalRotation: {x: -0.07536438, y: -0.070466205, z: -0.24096945, w: 0.96503294}
  m_LocalPosition: {x: -0.018205522, y: 0.000000001490116, z: -0.0000000019744038}
  m_LocalScale: {x: 1.0000001, y: 1, z: 0.9999998}
  m_Children: []
  m_Father: {fileID: 3419602188371835705}
  m_RootOrder: 0
  m_LocalEulerAnglesHint: {x: -13.976482, y: -10.713432, z: -45.581306}
--- !u!1 &7779599422529444597
GameObject:
  m_ObjectHideFlags: 0
  m_CorrespondingSourceObject: {fileID: 0}
  m_PrefabInstance: {fileID: 0}
  m_PrefabAsset: {fileID: 0}
  serializedVersion: 6
  m_Component:
  - component: {fileID: 6703133944827974540}
  m_Layer: 0
  m_Name: Zahn_L
  m_TagString: Untagged
  m_Icon: {fileID: 0}
  m_NavMeshLayer: 0
  m_StaticEditorFlags: 0
  m_IsActive: 1
--- !u!4 &6703133944827974540
Transform:
  m_ObjectHideFlags: 0
  m_CorrespondingSourceObject: {fileID: 0}
  m_PrefabInstance: {fileID: 0}
  m_PrefabAsset: {fileID: 0}
  m_GameObject: {fileID: 7779599422529444597}
  m_LocalRotation: {x: 0.17264158, y: 0.13582507, z: 0.97410816, w: -0.053477205}
  m_LocalPosition: {x: 0.005056728, y: -0.0023356355, z: -0.0020259628}
  m_LocalScale: {x: 1.0000001, y: 0.99999976, z: 0.99999994}
  m_Children: []
  m_Father: {fileID: 4390743782044455311}
  m_RootOrder: 11
  m_LocalEulerAnglesHint: {x: -16.443684, y: 27.350288, z: -176.57428}
--- !u!1 &8076681350040075654
GameObject:
  m_ObjectHideFlags: 0
  m_CorrespondingSourceObject: {fileID: 0}
  m_PrefabInstance: {fileID: 0}
  m_PrefabAsset: {fileID: 0}
  serializedVersion: 6
  m_Component:
  - component: {fileID: 3394698706912647502}
  - component: {fileID: 1351903187639644971}
  m_Layer: 0
  m_Name: Spider
  m_TagString: Untagged
  m_Icon: {fileID: 0}
  m_NavMeshLayer: 0
  m_StaticEditorFlags: 0
  m_IsActive: 1
--- !u!4 &3394698706912647502
Transform:
  m_ObjectHideFlags: 0
  m_CorrespondingSourceObject: {fileID: 0}
  m_PrefabInstance: {fileID: 0}
  m_PrefabAsset: {fileID: 0}
  m_GameObject: {fileID: 8076681350040075654}
  m_LocalRotation: {x: 0, y: -0, z: -0, w: 1}
  m_LocalPosition: {x: -1.862645e-11, y: 0.000121114856, z: -0.02050272}
  m_LocalScale: {x: 1, y: 1, z: 1}
  m_Children: []
  m_Father: {fileID: 3803452203620374316}
  m_RootOrder: 1
  m_LocalEulerAnglesHint: {x: 0, y: 0, z: 0}
--- !u!137 &1351903187639644971
SkinnedMeshRenderer:
  m_ObjectHideFlags: 0
  m_CorrespondingSourceObject: {fileID: 0}
  m_PrefabInstance: {fileID: 0}
  m_PrefabAsset: {fileID: 0}
  m_GameObject: {fileID: 8076681350040075654}
  m_Enabled: 1
  m_CastShadows: 1
  m_ReceiveShadows: 1
  m_DynamicOccludee: 1
  m_MotionVectors: 1
  m_LightProbeUsage: 1
  m_ReflectionProbeUsage: 1
  m_RenderingLayerMask: 1
  m_RendererPriority: 0
  m_Materials:
  - {fileID: -8026863251994587583, guid: 7f4754bd2399ede439ace5521c8ba6a2, type: 3}
  - {fileID: 1883166710581487392, guid: 7f4754bd2399ede439ace5521c8ba6a2, type: 3}
  m_StaticBatchInfo:
    firstSubMesh: 0
    subMeshCount: 0
  m_StaticBatchRoot: {fileID: 0}
  m_ProbeAnchor: {fileID: 0}
  m_LightProbeVolumeOverride: {fileID: 0}
  m_ScaleInLightmap: 1
  m_PreserveUVs: 0
  m_IgnoreNormalsForChartDetection: 0
  m_ImportantGI: 0
  m_StitchLightmapSeams: 1
  m_SelectedEditorRenderState: 3
  m_MinimumChartSize: 4
  m_AutoUVMaxDistance: 0.5
  m_AutoUVMaxAngle: 89
  m_LightmapParameters: {fileID: 0}
  m_SortingLayerID: 0
  m_SortingLayer: 0
  m_SortingOrder: 0
  serializedVersion: 2
  m_Quality: 0
  m_UpdateWhenOffscreen: 0
  m_SkinnedMotionVectors: 1
  m_Mesh: {fileID: -9186107467895962136, guid: 7f4754bd2399ede439ace5521c8ba6a2, type: 3}
  m_Bones:
  - {fileID: 5056100468088794153}
  - {fileID: 8491385680800499525}
  - {fileID: 4390743782044455311}
  - {fileID: 2923597500141328827}
  - {fileID: 1476153042331240687}
  - {fileID: 323101157032734968}
  - {fileID: 3193388990252311367}
  - {fileID: 4577336789757974473}
  - {fileID: 8002837914436962497}
  - {fileID: 5212397217106956667}
  - {fileID: 3270709848372586112}
  - {fileID: 3419602188371835705}
  - {fileID: 7796586293796926339}
  - {fileID: 6791282992734631623}
  - {fileID: 5403753933163413025}
  - {fileID: 1774224979878161372}
  - {fileID: 3010528623008747261}
  - {fileID: 1062633636256181866}
  - {fileID: 657783518221508314}
  - {fileID: 6703133944827974540}
  - {fileID: 655618971615475314}
  - {fileID: 3240143676118951696}
  - {fileID: 1959208146816265012}
  - {fileID: 7884658381148857289}
  - {fileID: 4978536235748699407}
  - {fileID: 1058103113309390235}
  - {fileID: 6722465461657804526}
  - {fileID: 2018138887218126052}
  - {fileID: 2148013576083281244}
  - {fileID: 4258645292269528521}
  - {fileID: 8008640808984332656}
  - {fileID: 928320057060227820}
  - {fileID: 6827236635949887596}
  - {fileID: 8762203222452388556}
  - {fileID: 6516632408587341809}
  - {fileID: 3870478971719829581}
  - {fileID: 6611110900831703532}
  - {fileID: 7560903969956004561}
  - {fileID: 7628255888351230532}
  - {fileID: 2677426003213798772}
  - {fileID: 2980144396079650112}
  - {fileID: 3145604604887151859}
  - {fileID: 3882954588676632729}
  - {fileID: 3449134869248182609}
  m_BlendShapeWeights: []
  m_RootBone: {fileID: 5056100468088794153}
  m_AABB:
    m_Center: {x: 0.0073326677, y: -0.010817831, z: -0.009203633}
    m_Extent: {x: 0.04877068, y: 0.034014165, z: 0.04367888}
  m_DirtyAABB: 0
--- !u!1 &8441974481262801614
GameObject:
  m_ObjectHideFlags: 0
  m_CorrespondingSourceObject: {fileID: 0}
  m_PrefabInstance: {fileID: 0}
  m_PrefabAsset: {fileID: 0}
  serializedVersion: 6
  m_Component:
  - component: {fileID: 6516632408587341809}
  m_Layer: 0
  m_Name: FU_3_R
  m_TagString: Untagged
  m_Icon: {fileID: 0}
  m_NavMeshLayer: 0
  m_StaticEditorFlags: 0
  m_IsActive: 1
--- !u!4 &6516632408587341809
Transform:
  m_ObjectHideFlags: 0
  m_CorrespondingSourceObject: {fileID: 0}
  m_PrefabInstance: {fileID: 0}
  m_PrefabAsset: {fileID: 0}
  m_GameObject: {fileID: 8441974481262801614}
  m_LocalRotation: {x: -0.4173835, y: 0.018975683, z: 0.1624098, w: 0.8938982}
  m_LocalPosition: {x: -0.0064492906, y: 3.72529e-10, z: -0.0000000019371509}
  m_LocalScale: {x: 0.99999976, y: 1, z: 0.99999994}
  m_Children: []
  m_Father: {fileID: 8762203222452388556}
  m_RootOrder: 0
  m_LocalEulerAnglesHint: {x: -48.79525, y: -8.876578, z: 24.627714}
--- !u!1 &8565594861665233258
GameObject:
  m_ObjectHideFlags: 0
  m_CorrespondingSourceObject: {fileID: 0}
  m_PrefabInstance: {fileID: 0}
  m_PrefabAsset: {fileID: 0}
  serializedVersion: 6
  m_Component:
  - component: {fileID: 7884658381148857289}
  m_Layer: 0
  m_Name: v2_B1_R
  m_TagString: Untagged
  m_Icon: {fileID: 0}
  m_NavMeshLayer: 0
  m_StaticEditorFlags: 0
  m_IsActive: 1
--- !u!4 &7884658381148857289
Transform:
  m_ObjectHideFlags: 0
  m_CorrespondingSourceObject: {fileID: 0}
  m_PrefabInstance: {fileID: 0}
  m_PrefabAsset: {fileID: 0}
  m_GameObject: {fileID: 8565594861665233258}
  m_LocalRotation: {x: -0.36433744, y: 0.3057455, z: 0.7402997, w: -0.47511503}
  m_LocalPosition: {x: -0.008326862, y: 0.005895741, z: -0.003555953}
  m_LocalScale: {x: 1, y: 1, z: 1}
  m_Children:
  - {fileID: 4978536235748699407}
  m_Father: {fileID: 4390743782044455311}
  m_RootOrder: 4
  m_LocalEulerAnglesHint: {x: 1.197674, y: -63.449554, z: -122.07289}
--- !u!1 &8607487832772658347
GameObject:
  m_ObjectHideFlags: 0
  m_CorrespondingSourceObject: {fileID: 0}
  m_PrefabInstance: {fileID: 0}
  m_PrefabAsset: {fileID: 0}
  serializedVersion: 6
  m_Component:
  - component: {fileID: 3270709848372586112}
  m_Layer: 0
  m_Name: v3_B1_L
  m_TagString: Untagged
  m_Icon: {fileID: 0}
  m_NavMeshLayer: 0
  m_StaticEditorFlags: 0
  m_IsActive: 1
--- !u!4 &3270709848372586112
Transform:
  m_ObjectHideFlags: 0
  m_CorrespondingSourceObject: {fileID: 0}
  m_PrefabInstance: {fileID: 0}
  m_PrefabAsset: {fileID: 0}
  m_GameObject: {fileID: 8607487832772658347}
  m_LocalRotation: {x: 0.30091894, y: 0.34631285, z: 0.5273297, w: 0.71514946}
  m_LocalPosition: {x: -0.0115221925, y: -0.0058957506, z: -0.0035559644}
  m_LocalScale: {x: 0.99999994, y: 1.0000001, z: 1.0000001}
  m_Children:
  - {fileID: 3419602188371835705}
  m_Father: {fileID: 4390743782044455311}
  m_RootOrder: 5
  m_LocalEulerAnglesHint: {x: -13.426862, y: 59.282295, z: 62.693855}
--- !u!1 &9167836032630564063
GameObject:
  m_ObjectHideFlags: 0
  m_CorrespondingSourceObject: {fileID: 0}
  m_PrefabInstance: {fileID: 0}
  m_PrefabAsset: {fileID: 0}
  serializedVersion: 6
  m_Component:
  - component: {fileID: 1476153042331240687}
  m_Layer: 0
  m_Name: v_B1_L
  m_TagString: Untagged
  m_Icon: {fileID: 0}
  m_NavMeshLayer: 0
  m_StaticEditorFlags: 0
  m_IsActive: 1
--- !u!4 &1476153042331240687
Transform:
  m_ObjectHideFlags: 0
  m_CorrespondingSourceObject: {fileID: 0}
  m_PrefabInstance: {fileID: 0}
  m_PrefabAsset: {fileID: 0}
  m_GameObject: {fileID: 9167836032630564063}
  m_LocalRotation: {x: -0.13124019, y: -0.068113685, z: 0.94257486, w: 0.2994816}
  m_LocalPosition: {x: -0.0049619707, y: -0.0058095464, z: -0.0029662007}
  m_LocalScale: {x: 1.0000001, y: 1, z: 1}
  m_Children:
  - {fileID: 323101157032734968}
  m_Father: {fileID: 4390743782044455311}
  m_RootOrder: 9
  m_LocalEulerAnglesHint: {x: -1.2857271, y: -31.43259, z: 144.83264}
