%YAML 1.1
%TAG !u! tag:unity3d.com,2011:
--- !u!1 &59563394422264188
GameObject:
  m_ObjectHideFlags: 0
  m_CorrespondingSourceObject: {fileID: 0}
  m_PrefabInstance: {fileID: 0}
  m_PrefabAsset: {fileID: 0}
  serializedVersion: 6
  m_Component:
  - component: {fileID: 6598155080960589201}
  m_Layer: 0
  m_Name: RightHandRing1
  m_TagString: Untagged
  m_Icon: {fileID: 0}
  m_NavMeshLayer: 0
  m_StaticEditorFlags: 0
  m_IsActive: 1
--- !u!4 &6598155080960589201
Transform:
  m_ObjectHideFlags: 0
  m_CorrespondingSourceObject: {fileID: 0}
  m_PrefabInstance: {fileID: 0}
  m_PrefabAsset: {fileID: 0}
  m_GameObject: {fileID: 59563394422264188}
  m_LocalRotation: {x: 0.015034649, y: 0.03935444, z: 0.31786403, w: 0.94719994}
  m_LocalPosition: {x: 0.114970796, y: -0.00008906763, z: -0.030700507}
  m_LocalScale: {x: 1, y: 1, z: 1}
  m_Children:
  - {fileID: 2142476423709724848}
  m_Father: {fileID: 3650675208028066606}
  m_RootOrder: 3
  m_LocalEulerAnglesHint: {x: 0.1984106, y: 4.824934, z: 37.110092}
--- !u!1 &356756410842933812
GameObject:
  m_ObjectHideFlags: 0
  m_CorrespondingSourceObject: {fileID: 0}
  m_PrefabInstance: {fileID: 0}
  m_PrefabAsset: {fileID: 0}
  serializedVersion: 6
  m_Component:
  - component: {fileID: 360869754160041684}
  - component: {fileID: 6892217812286191795}
  m_Layer: 0
  m_Name: Boy01_Brows_Geo
  m_TagString: Untagged
  m_Icon: {fileID: 0}
  m_NavMeshLayer: 0
  m_StaticEditorFlags: 0
  m_IsActive: 1
--- !u!4 &360869754160041684
Transform:
  m_ObjectHideFlags: 0
  m_CorrespondingSourceObject: {fileID: 0}
  m_PrefabInstance: {fileID: 0}
  m_PrefabAsset: {fileID: 0}
  m_GameObject: {fileID: 356756410842933812}
  m_LocalRotation: {x: 0, y: -0, z: -0, w: 1}
  m_LocalPosition: {x: -0, y: 0, z: 0}
  m_LocalScale: {x: 1, y: 1, z: 1}
  m_Children: []
  m_Father: {fileID: 8454073649177943080}
  m_RootOrder: 1
  m_LocalEulerAnglesHint: {x: 0, y: 0, z: 0}
--- !u!137 &6892217812286191795
SkinnedMeshRenderer:
  m_ObjectHideFlags: 0
  m_CorrespondingSourceObject: {fileID: 0}
  m_PrefabInstance: {fileID: 0}
  m_PrefabAsset: {fileID: 0}
  m_GameObject: {fileID: 356756410842933812}
  m_Enabled: 1
  m_CastShadows: 1
  m_ReceiveShadows: 1
  m_DynamicOccludee: 1
  m_MotionVectors: 1
  m_LightProbeUsage: 1
  m_ReflectionProbeUsage: 1
  m_RenderingLayerMask: 1
  m_RendererPriority: 0
  m_Materials:
  - {fileID: -6446394278882542736, guid: 0b2f158f79a2f4040b23b5a399e7cac6, type: 3}
  m_StaticBatchInfo:
    firstSubMesh: 0
    subMeshCount: 0
  m_StaticBatchRoot: {fileID: 0}
  m_ProbeAnchor: {fileID: 0}
  m_LightProbeVolumeOverride: {fileID: 0}
  m_ScaleInLightmap: 1
  m_PreserveUVs: 0
  m_IgnoreNormalsForChartDetection: 0
  m_ImportantGI: 0
  m_StitchLightmapSeams: 1
  m_SelectedEditorRenderState: 3
  m_MinimumChartSize: 4
  m_AutoUVMaxDistance: 0.5
  m_AutoUVMaxAngle: 89
  m_LightmapParameters: {fileID: 0}
  m_SortingLayerID: 0
  m_SortingLayer: 0
  m_SortingOrder: 0
  serializedVersion: 2
  m_Quality: 0
  m_UpdateWhenOffscreen: 0
  m_SkinnedMotionVectors: 1
  m_Mesh: {fileID: -7735849874743378452, guid: 0b2f158f79a2f4040b23b5a399e7cac6, type: 3}
  m_Bones:
  - {fileID: 871098514028692296}
  - {fileID: 5379116063196127647}
  - {fileID: 7301583967127865396}
  - {fileID: 8689390733570250606}
  - {fileID: 6526717841830570494}
  - {fileID: 2106538301636397212}
  - {fileID: 922194736825106278}
  - {fileID: 1002043972124110965}
  - {fileID: 6081248538921318329}
  - {fileID: 2813616283448345169}
  - {fileID: 1890960860420130822}
  - {fileID: 1039556750107447110}
  - {fileID: 4882857114399429992}
  - {fileID: 4918981869585137429}
  - {fileID: 4443265199717197910}
  - {fileID: 7099240876293662478}
  - {fileID: 1986820132457976826}
  - {fileID: 5102916706227283421}
  - {fileID: 2853323737354159253}
  - {fileID: 2253388367753495349}
  - {fileID: 169634613688233815}
  - {fileID: 4206021758593693022}
  - {fileID: 5925955143979012890}
  - {fileID: 7303260612955262819}
  - {fileID: 2677881444158074102}
  - {fileID: 1095039710612318960}
  - {fileID: 5646651454380135536}
  - {fileID: 1767371901877322909}
  - {fileID: 7099673210607546723}
  - {fileID: 5024225884174094394}
  - {fileID: 8538563498047686675}
  - {fileID: 5228000287178234506}
  - {fileID: 546198755613832164}
  - {fileID: 8287924867275263556}
  - {fileID: 3619453967858665531}
  - {fileID: 8991895569000068890}
  - {fileID: 4708390744834233134}
  - {fileID: 1703398568805656925}
  - {fileID: 8435573471748402629}
  - {fileID: 6612860899786700369}
  - {fileID: 3989745443872800502}
  - {fileID: 3342495409103663168}
  - {fileID: 2730707500638590499}
  - {fileID: 9205566891498329189}
  - {fileID: 8065269701308115815}
  - {fileID: 3650675208028066606}
  - {fileID: 2125092330950332908}
  - {fileID: 1538837809752059767}
  - {fileID: 6879943067422982914}
  - {fileID: 6125717028422082213}
  - {fileID: 1287998324019390866}
  - {fileID: 7244671117914135471}
  - {fileID: 568054393870767181}
  - {fileID: 8175903685351994328}
  - {fileID: 411319429375163805}
  - {fileID: 6598155080960589201}
  - {fileID: 2142476423709724848}
  - {fileID: 7548738021824285050}
  - {fileID: 2192258748027248274}
  - {fileID: 6569936549179093382}
  - {fileID: 2058140996731384343}
  - {fileID: 5137059950033515089}
  - {fileID: 7832090377164049461}
  - {fileID: 497953228432001943}
  - {fileID: 4018089782770838385}
  - {fileID: 4432354695598061614}
  - {fileID: 1915403663689182699}
  - {fileID: 2294607354063270083}
  - {fileID: 6728090281613902060}
  - {fileID: 6719816185273836059}
  - {fileID: 2515466713293496682}
  - {fileID: 4231834180887350220}
  - {fileID: 1914471300521446215}
  m_BlendShapeWeights: []
  m_RootBone: {fileID: 871098514028692296}
  m_AABB:
    m_Center: {x: -0.15946965, y: 0.40877795, z: 0.5142944}
    m_Extent: {x: 0.20389636, y: 0.11820327, z: 0.16001335}
  m_DirtyAABB: 0
--- !u!1 &527098335408164323
GameObject:
  m_ObjectHideFlags: 0
  m_CorrespondingSourceObject: {fileID: 0}
  m_PrefabInstance: {fileID: 0}
  m_PrefabAsset: {fileID: 0}
  serializedVersion: 6
  m_Component:
  - component: {fileID: 497953228432001943}
  m_Layer: 0
  m_Name: Hood
  m_TagString: Untagged
  m_Icon: {fileID: 0}
  m_NavMeshLayer: 0
  m_StaticEditorFlags: 0
  m_IsActive: 1
--- !u!4 &497953228432001943
Transform:
  m_ObjectHideFlags: 0
  m_CorrespondingSourceObject: {fileID: 0}
  m_PrefabInstance: {fileID: 0}
  m_PrefabAsset: {fileID: 0}
  m_GameObject: {fileID: 527098335408164323}
  m_LocalRotation: {x: 0, y: -0, z: -0, w: 1}
  m_LocalPosition: {x: 4.296435e-12, y: 0.18754146, z: -0.104309626}
  m_LocalScale: {x: 1, y: 1, z: 1}
  m_Children:
  - {fileID: 4018089782770838385}
  m_Father: {fileID: 1986820132457976826}
  m_RootOrder: 1
  m_LocalEulerAnglesHint: {x: 0, y: 0, z: 0}
--- !u!1 &650602013395329091
GameObject:
  m_ObjectHideFlags: 0
  m_CorrespondingSourceObject: {fileID: 0}
  m_PrefabInstance: {fileID: 0}
  m_PrefabAsset: {fileID: 0}
  serializedVersion: 6
  m_Component:
  - component: {fileID: 922194736825106278}
  m_Layer: 0
  m_Name: LFootTongue
  m_TagString: Untagged
  m_Icon: {fileID: 0}
  m_NavMeshLayer: 0
  m_StaticEditorFlags: 0
  m_IsActive: 1
--- !u!4 &922194736825106278
Transform:
  m_ObjectHideFlags: 0
  m_CorrespondingSourceObject: {fileID: 0}
  m_PrefabInstance: {fileID: 0}
  m_PrefabAsset: {fileID: 0}
  m_GameObject: {fileID: 650602013395329091}
  m_LocalRotation: {x: 0, y: -0, z: -0, w: 1}
  m_LocalPosition: {x: -0.011423989, y: -0.010597875, z: 0.06665161}
  m_LocalScale: {x: 1, y: 1, z: 1}
  m_Children: []
  m_Father: {fileID: 6526717841830570494}
  m_RootOrder: 1
  m_LocalEulerAnglesHint: {x: 0, y: 0, z: 0}
--- !u!1 &678659988890970981
GameObject:
  m_ObjectHideFlags: 0
  m_CorrespondingSourceObject: {fileID: 0}
  m_PrefabInstance: {fileID: 0}
  m_PrefabAsset: {fileID: 0}
  serializedVersion: 6
  m_Component:
  - component: {fileID: 8160449887994597348}
  - component: {fileID: 2994749007374880258}
  m_Layer: 0
  m_Name: Boy01_Eyes_Geo
  m_TagString: Untagged
  m_Icon: {fileID: 0}
  m_NavMeshLayer: 0
  m_StaticEditorFlags: 0
  m_IsActive: 1
--- !u!4 &8160449887994597348
Transform:
  m_ObjectHideFlags: 0
  m_CorrespondingSourceObject: {fileID: 0}
  m_PrefabInstance: {fileID: 0}
  m_PrefabAsset: {fileID: 0}
  m_GameObject: {fileID: 678659988890970981}
  m_LocalRotation: {x: 0, y: -0, z: -0, w: 1}
  m_LocalPosition: {x: -0, y: 0, z: 0}
  m_LocalScale: {x: 1, y: 1, z: 1}
  m_Children: []
  m_Father: {fileID: 8454073649177943080}
  m_RootOrder: 2
  m_LocalEulerAnglesHint: {x: 0, y: 0, z: 0}
--- !u!137 &2994749007374880258
SkinnedMeshRenderer:
  m_ObjectHideFlags: 0
  m_CorrespondingSourceObject: {fileID: 0}
  m_PrefabInstance: {fileID: 0}
  m_PrefabAsset: {fileID: 0}
  m_GameObject: {fileID: 678659988890970981}
  m_Enabled: 1
  m_CastShadows: 1
  m_ReceiveShadows: 1
  m_DynamicOccludee: 1
  m_MotionVectors: 1
  m_LightProbeUsage: 1
  m_ReflectionProbeUsage: 1
  m_RenderingLayerMask: 1
  m_RendererPriority: 0
  m_Materials:
  - {fileID: 5472084673838769539, guid: 0b2f158f79a2f4040b23b5a399e7cac6, type: 3}
  m_StaticBatchInfo:
    firstSubMesh: 0
    subMeshCount: 0
  m_StaticBatchRoot: {fileID: 0}
  m_ProbeAnchor: {fileID: 0}
  m_LightProbeVolumeOverride: {fileID: 0}
  m_ScaleInLightmap: 1
  m_PreserveUVs: 0
  m_IgnoreNormalsForChartDetection: 0
  m_ImportantGI: 0
  m_StitchLightmapSeams: 1
  m_SelectedEditorRenderState: 3
  m_MinimumChartSize: 4
  m_AutoUVMaxDistance: 0.5
  m_AutoUVMaxAngle: 89
  m_LightmapParameters: {fileID: 0}
  m_SortingLayerID: 0
  m_SortingLayer: 0
  m_SortingOrder: 0
  serializedVersion: 2
  m_Quality: 0
  m_UpdateWhenOffscreen: 0
  m_SkinnedMotionVectors: 1
  m_Mesh: {fileID: 4558750317816413921, guid: 0b2f158f79a2f4040b23b5a399e7cac6, type: 3}
  m_Bones:
  - {fileID: 871098514028692296}
  - {fileID: 5379116063196127647}
  - {fileID: 7301583967127865396}
  - {fileID: 8689390733570250606}
  - {fileID: 6526717841830570494}
  - {fileID: 2106538301636397212}
  - {fileID: 922194736825106278}
  - {fileID: 1002043972124110965}
  - {fileID: 6081248538921318329}
  - {fileID: 2813616283448345169}
  - {fileID: 1890960860420130822}
  - {fileID: 1039556750107447110}
  - {fileID: 4882857114399429992}
  - {fileID: 4918981869585137429}
  - {fileID: 4443265199717197910}
  - {fileID: 7099240876293662478}
  - {fileID: 1986820132457976826}
  - {fileID: 5102916706227283421}
  - {fileID: 2853323737354159253}
  - {fileID: 2253388367753495349}
  - {fileID: 169634613688233815}
  - {fileID: 4206021758593693022}
  - {fileID: 5925955143979012890}
  - {fileID: 7303260612955262819}
  - {fileID: 2677881444158074102}
  - {fileID: 1095039710612318960}
  - {fileID: 5646651454380135536}
  - {fileID: 1767371901877322909}
  - {fileID: 7099673210607546723}
  - {fileID: 5024225884174094394}
  - {fileID: 8538563498047686675}
  - {fileID: 5228000287178234506}
  - {fileID: 546198755613832164}
  - {fileID: 8287924867275263556}
  - {fileID: 3619453967858665531}
  - {fileID: 8991895569000068890}
  - {fileID: 4708390744834233134}
  - {fileID: 1703398568805656925}
  - {fileID: 8435573471748402629}
  - {fileID: 6612860899786700369}
  - {fileID: 3989745443872800502}
  - {fileID: 3342495409103663168}
  - {fileID: 2730707500638590499}
  - {fileID: 9205566891498329189}
  - {fileID: 8065269701308115815}
  - {fileID: 3650675208028066606}
  - {fileID: 2125092330950332908}
  - {fileID: 1538837809752059767}
  - {fileID: 6879943067422982914}
  - {fileID: 6125717028422082213}
  - {fileID: 1287998324019390866}
  - {fileID: 7244671117914135471}
  - {fileID: 568054393870767181}
  - {fileID: 8175903685351994328}
  - {fileID: 411319429375163805}
  - {fileID: 6598155080960589201}
  - {fileID: 2142476423709724848}
  - {fileID: 7548738021824285050}
  - {fileID: 2192258748027248274}
  - {fileID: 6569936549179093382}
  - {fileID: 2058140996731384343}
  - {fileID: 5137059950033515089}
  - {fileID: 7832090377164049461}
  - {fileID: 497953228432001943}
  - {fileID: 4018089782770838385}
  - {fileID: 4432354695598061614}
  - {fileID: 1915403663689182699}
  - {fileID: 2294607354063270083}
  - {fileID: 6728090281613902060}
  - {fileID: 6719816185273836059}
  - {fileID: 2515466713293496682}
  - {fileID: 4231834180887350220}
  - {fileID: 1914471300521446215}
  m_BlendShapeWeights: []
  m_RootBone: {fileID: 871098514028692296}
  m_AABB:
    m_Center: {x: -0.12558395, y: 0.3758011, z: 0.4566785}
    m_Extent: {x: 0.17877567, y: 0.09803195, z: 0.14875907}
  m_DirtyAABB: 0
--- !u!1 &791966722239602389
GameObject:
  m_ObjectHideFlags: 0
  m_CorrespondingSourceObject: {fileID: 0}
  m_PrefabInstance: {fileID: 0}
  m_PrefabAsset: {fileID: 0}
  serializedVersion: 6
  m_Component:
  - component: {fileID: 6125717028422082213}
  m_Layer: 0
  m_Name: RightHandIndex1
  m_TagString: Untagged
  m_Icon: {fileID: 0}
  m_NavMeshLayer: 0
  m_StaticEditorFlags: 0
  m_IsActive: 1
--- !u!4 &6125717028422082213
Transform:
  m_ObjectHideFlags: 0
  m_CorrespondingSourceObject: {fileID: 0}
  m_PrefabInstance: {fileID: 0}
  m_PrefabAsset: {fileID: 0}
  m_GameObject: {fileID: 791966722239602389}
  m_LocalRotation: {x: 0.041628454, y: 0.014678296, z: 0.22958422, w: 0.97228736}
  m_LocalPosition: {x: 0.113725096, y: 0.0006500845, z: 0.036991537}
  m_LocalScale: {x: 1, y: 1, z: 1}
  m_Children:
  - {fileID: 1287998324019390866}
  m_Father: {fileID: 3650675208028066606}
  m_RootOrder: 0
  m_LocalEulerAnglesHint: {x: 4.2558236, y: 2.7391672, z: 26.673355}
--- !u!1 &913224963957101201
GameObject:
  m_ObjectHideFlags: 0
  m_CorrespondingSourceObject: {fileID: 0}
  m_PrefabInstance: {fileID: 0}
  m_PrefabAsset: {fileID: 0}
  serializedVersion: 6
  m_Component:
  - component: {fileID: 4708390744834233134}
  m_Layer: 0
  m_Name: LeftHandRing2
  m_TagString: Untagged
  m_Icon: {fileID: 0}
  m_NavMeshLayer: 0
  m_StaticEditorFlags: 0
  m_IsActive: 1
--- !u!4 &4708390744834233134
Transform:
  m_ObjectHideFlags: 0
  m_CorrespondingSourceObject: {fileID: 0}
  m_PrefabInstance: {fileID: 0}
  m_PrefabAsset: {fileID: 0}
  m_GameObject: {fileID: 913224963957101201}
  m_LocalRotation: {x: -0.022057367, y: 0.018995795, z: 0.18383163, w: 0.98252666}
  m_LocalPosition: {x: -0.028813388, y: -0.009928569, z: -0.0018692748}
  m_LocalScale: {x: 1, y: 1, z: 1}
  m_Children:
  - {fileID: 1703398568805656925}
  m_Father: {fileID: 8991895569000068890}
  m_RootOrder: 0
  m_LocalEulerAnglesHint: {x: -2.8847976, y: 1.6764356, z: 21.152912}
--- !u!1 &1016454467970421504
GameObject:
  m_ObjectHideFlags: 0
  m_CorrespondingSourceObject: {fileID: 0}
  m_PrefabInstance: {fileID: 0}
  m_PrefabAsset: {fileID: 0}
  serializedVersion: 6
  m_Component:
  - component: {fileID: 4918981869585137429}
  m_Layer: 0
  m_Name: RightPantLeg
  m_TagString: Untagged
  m_Icon: {fileID: 0}
  m_NavMeshLayer: 0
  m_StaticEditorFlags: 0
  m_IsActive: 1
--- !u!4 &4918981869585137429
Transform:
  m_ObjectHideFlags: 0
  m_CorrespondingSourceObject: {fileID: 0}
  m_PrefabInstance: {fileID: 0}
  m_PrefabAsset: {fileID: 0}
  m_GameObject: {fileID: 1016454467970421504}
  m_LocalRotation: {x: 0, y: -0, z: -0, w: 1}
  m_LocalPosition: {x: 0.011535007, y: -0.16519308, z: -0.022847721}
  m_LocalScale: {x: 1, y: 1, z: 1}
  m_Children: []
  m_Father: {fileID: 2813616283448345169}
  m_RootOrder: 1
  m_LocalEulerAnglesHint: {x: 0, y: 0, z: 0}
--- !u!1 &1112285483146660123
GameObject:
  m_ObjectHideFlags: 0
  m_CorrespondingSourceObject: {fileID: 0}
  m_PrefabInstance: {fileID: 0}
  m_PrefabAsset: {fileID: 0}
  serializedVersion: 6
  m_Component:
  - component: {fileID: 7832090377164049461}
  m_Layer: 0
  m_Name: Backpack
  m_TagString: Untagged
  m_Icon: {fileID: 0}
  m_NavMeshLayer: 0
  m_StaticEditorFlags: 0
  m_IsActive: 1
--- !u!4 &7832090377164049461
Transform:
  m_ObjectHideFlags: 0
  m_CorrespondingSourceObject: {fileID: 0}
  m_PrefabInstance: {fileID: 0}
  m_PrefabAsset: {fileID: 0}
  m_GameObject: {fileID: 1112285483146660123}
  m_LocalRotation: {x: 0, y: -0, z: -0, w: 1}
  m_LocalPosition: {x: 4.296437e-12, y: -0.024714865, z: 0.36677477}
  m_LocalScale: {x: 1, y: 1, z: 1}
  m_Children: []
  m_Father: {fileID: 1986820132457976826}
  m_RootOrder: 0
  m_LocalEulerAnglesHint: {x: 0, y: 0, z: 0}
--- !u!1 &1223858184467263436
GameObject:
  m_ObjectHideFlags: 0
  m_CorrespondingSourceObject: {fileID: 0}
  m_PrefabInstance: {fileID: 0}
  m_PrefabAsset: {fileID: 0}
  serializedVersion: 6
  m_Component:
  - component: {fileID: 1287998324019390866}
  m_Layer: 0
  m_Name: RightHandIndex2
  m_TagString: Untagged
  m_Icon: {fileID: 0}
  m_NavMeshLayer: 0
  m_StaticEditorFlags: 0
  m_IsActive: 1
--- !u!4 &1287998324019390866
Transform:
  m_ObjectHideFlags: 0
  m_CorrespondingSourceObject: {fileID: 0}
  m_PrefabInstance: {fileID: 0}
  m_PrefabAsset: {fileID: 0}
  m_GameObject: {fileID: 1223858184467263436}
  m_LocalRotation: {x: -0.018449523, y: -0.032978278, z: -0.14333433, w: 0.98895264}
  m_LocalPosition: {x: 0.032291904, y: -0.0057491474, z: -0.0014349757}
  m_LocalScale: {x: 1, y: 1, z: 1}
  m_Children:
  - {fileID: 7244671117914135471}
  m_Father: {fileID: 6125717028422082213}
  m_RootOrder: 0
  m_LocalEulerAnglesHint: {x: -2.6096878, y: -3.436799, z: -16.2084}
--- !u!1 &1312950464037395198
GameObject:
  m_ObjectHideFlags: 0
  m_CorrespondingSourceObject: {fileID: 0}
  m_PrefabInstance: {fileID: 0}
  m_PrefabAsset: {fileID: 0}
  serializedVersion: 6
  m_Component:
  - component: {fileID: 2142476423709724848}
  m_Layer: 0
  m_Name: RightHandRing2
  m_TagString: Untagged
  m_Icon: {fileID: 0}
  m_NavMeshLayer: 0
  m_StaticEditorFlags: 0
  m_IsActive: 1
--- !u!4 &2142476423709724848
Transform:
  m_ObjectHideFlags: 0
  m_CorrespondingSourceObject: {fileID: 0}
  m_PrefabInstance: {fileID: 0}
  m_PrefabAsset: {fileID: 0}
  m_GameObject: {fileID: 1312950464037395198}
  m_LocalRotation: {x: -0.025442054, y: -0.024023462, z: -0.20195146, w: 0.97877026}
  m_LocalPosition: {x: 0.02881339, y: -0.009928569, z: -0.0018692748}
  m_LocalScale: {x: 1, y: 1, z: 1}
  m_Children:
  - {fileID: 7548738021824285050}
  m_Father: {fileID: 6598155080960589201}
  m_RootOrder: 0
  m_LocalEulerAnglesHint: {x: -3.4115152, y: -2.1098793, z: -23.253836}
--- !u!1 &1369117342984200979
GameObject:
  m_ObjectHideFlags: 0
  m_CorrespondingSourceObject: {fileID: 0}
  m_PrefabInstance: {fileID: 0}
  m_PrefabAsset: {fileID: 0}
  serializedVersion: 6
  m_Component:
  - component: {fileID: 2253388367753495349}
  m_Layer: 0
  m_Name: HairB
  m_TagString: Untagged
  m_Icon: {fileID: 0}
  m_NavMeshLayer: 0
  m_StaticEditorFlags: 0
  m_IsActive: 1
--- !u!4 &2253388367753495349
Transform:
  m_ObjectHideFlags: 0
  m_CorrespondingSourceObject: {fileID: 0}
  m_PrefabInstance: {fileID: 0}
  m_PrefabAsset: {fileID: 0}
  m_GameObject: {fileID: 1369117342984200979}
  m_LocalRotation: {x: 0, y: -0, z: -0, w: 1}
  m_LocalPosition: {x: -0.0020839735, y: 0.24786067, z: 0.24822305}
  m_LocalScale: {x: 1, y: 1, z: 1}
  m_Children: []
  m_Father: {fileID: 2853323737354159253}
  m_RootOrder: 1
  m_LocalEulerAnglesHint: {x: 0, y: 0, z: 0}
--- !u!1 &1514134958391640671
GameObject:
  m_ObjectHideFlags: 0
  m_CorrespondingSourceObject: {fileID: 0}
  m_PrefabInstance: {fileID: 0}
  m_PrefabAsset: {fileID: 0}
  serializedVersion: 6
  m_Component:
  - component: {fileID: 7099673210607546723}
  m_Layer: 0
  m_Name: LeftHandThumb3
  m_TagString: Untagged
  m_Icon: {fileID: 0}
  m_NavMeshLayer: 0
  m_StaticEditorFlags: 0
  m_IsActive: 1
--- !u!4 &7099673210607546723
Transform:
  m_ObjectHideFlags: 0
  m_CorrespondingSourceObject: {fileID: 0}
  m_PrefabInstance: {fileID: 0}
  m_PrefabAsset: {fileID: 0}
  m_GameObject: {fileID: 1514134958391640671}
  m_LocalRotation: {x: 0, y: -0, z: -0, w: 1}
  m_LocalPosition: {x: -0.030295616, y: -0.020997971, z: 0.014158436}
  m_LocalScale: {x: 1, y: 1, z: 1}
  m_Children: []
  m_Father: {fileID: 1767371901877322909}
  m_RootOrder: 0
  m_LocalEulerAnglesHint: {x: 0, y: 0, z: 0}
--- !u!1 &1577278402241301838
GameObject:
  m_ObjectHideFlags: 0
  m_CorrespondingSourceObject: {fileID: 0}
  m_PrefabInstance: {fileID: 0}
  m_PrefabAsset: {fileID: 0}
  serializedVersion: 6
  m_Component:
  - component: {fileID: 8065269701308115815}
  m_Layer: 0
  m_Name: RightForeArm
  m_TagString: Untagged
  m_Icon: {fileID: 0}
  m_NavMeshLayer: 0
  m_StaticEditorFlags: 0
  m_IsActive: 1
--- !u!4 &8065269701308115815
Transform:
  m_ObjectHideFlags: 0
  m_CorrespondingSourceObject: {fileID: 0}
  m_PrefabInstance: {fileID: 0}
  m_PrefabAsset: {fileID: 0}
  m_GameObject: {fileID: 1577278402241301838}
  m_LocalRotation: {x: 0.00000013930935, y: -0.8137237, z: 0.00000004644288, w: 0.5812519}
  m_LocalPosition: {x: 0.21954697, y: -3.9790393e-15, z: -0.020410933}
  m_LocalScale: {x: 1, y: 1, z: 1}
  m_Children:
  - {fileID: 3650675208028066606}
  - {fileID: 5137059950033515089}
  m_Father: {fileID: 9205566891498329189}
  m_RootOrder: 0
  m_LocalEulerAnglesHint: {x: -0.00014956736, y: -109.43505, z: 0.000023601217}
--- !u!1 &1599359191033320067
GameObject:
  m_ObjectHideFlags: 0
  m_CorrespondingSourceObject: {fileID: 0}
  m_PrefabInstance: {fileID: 0}
  m_PrefabAsset: {fileID: 0}
  serializedVersion: 6
  m_Component:
  - component: {fileID: 2058140996731384343}
  m_Layer: 0
  m_Name: RightHandPinky3
  m_TagString: Untagged
  m_Icon: {fileID: 0}
  m_NavMeshLayer: 0
  m_StaticEditorFlags: 0
  m_IsActive: 1
--- !u!4 &2058140996731384343
Transform:
  m_ObjectHideFlags: 0
  m_CorrespondingSourceObject: {fileID: 0}
  m_PrefabInstance: {fileID: 0}
  m_PrefabAsset: {fileID: 0}
  m_GameObject: {fileID: 1599359191033320067}
  m_LocalRotation: {x: 0, y: -0, z: -0, w: 1}
  m_LocalPosition: {x: 0.027245726, y: -0.008436144, z: -0.0025268462}
  m_LocalScale: {x: 1, y: 1, z: 1}
  m_Children: []
  m_Father: {fileID: 6569936549179093382}
  m_RootOrder: 0
  m_LocalEulerAnglesHint: {x: 0, y: 0, z: 0}
--- !u!1 &1609801811328720194
GameObject:
  m_ObjectHideFlags: 0
  m_CorrespondingSourceObject: {fileID: 0}
  m_PrefabInstance: {fileID: 0}
  m_PrefabAsset: {fileID: 0}
  serializedVersion: 6
  m_Component:
  - component: {fileID: 9205566891498329189}
  m_Layer: 0
  m_Name: RightArm
  m_TagString: Untagged
  m_Icon: {fileID: 0}
  m_NavMeshLayer: 0
  m_StaticEditorFlags: 0
  m_IsActive: 1
--- !u!4 &9205566891498329189
Transform:
  m_ObjectHideFlags: 0
  m_CorrespondingSourceObject: {fileID: 0}
  m_PrefabInstance: {fileID: 0}
  m_PrefabAsset: {fileID: 0}
  m_GameObject: {fileID: 1609801811328720194}
  m_LocalRotation: {x: 0.37133306, y: 0.24113813, z: -0.42758852, w: 0.78811944}
  m_LocalPosition: {x: 0.07778132, y: -0.0018707195, z: -0.017092818}
  m_LocalScale: {x: 1, y: 1, z: 1}
  m_Children:
  - {fileID: 8065269701308115815}
  m_Father: {fileID: 2730707500638590499}
  m_RootOrder: 0
  m_LocalEulerAnglesHint: {x: 52.53812, y: 6.836406, z: -54.15251}
--- !u!1 &1840920009929238740
GameObject:
  m_ObjectHideFlags: 0
  m_CorrespondingSourceObject: {fileID: 0}
  m_PrefabInstance: {fileID: 0}
  m_PrefabAsset: {fileID: 0}
  serializedVersion: 6
  m_Component:
  - component: {fileID: 7301583967127865396}
  m_Layer: 0
  m_Name: LeftUpLeg
  m_TagString: Untagged
  m_Icon: {fileID: 0}
  m_NavMeshLayer: 0
  m_StaticEditorFlags: 0
  m_IsActive: 1
--- !u!4 &7301583967127865396
Transform:
  m_ObjectHideFlags: 0
  m_CorrespondingSourceObject: {fileID: 0}
  m_PrefabInstance: {fileID: 0}
  m_PrefabAsset: {fileID: 0}
  m_GameObject: {fileID: 1840920009929238740}
  m_LocalRotation: {x: -0.17172348, y: -0.34390694, z: -0.017808419, w: 0.92299616}
  m_LocalPosition: {x: -0.08479694, y: -0.04795516, z: -0.0037905346}
  m_LocalScale: {x: 1, y: 1, z: 1}
  m_Children:
  - {fileID: 8689390733570250606}
  m_Father: {fileID: 5379116063196127647}
  m_RootOrder: 0
  m_LocalEulerAnglesHint: {x: -19.223204, y: -41.7483, z: 5.1793084}
--- !u!1 &2549282968526904738
GameObject:
  m_ObjectHideFlags: 0
  m_CorrespondingSourceObject: {fileID: 0}
  m_PrefabInstance: {fileID: 0}
  m_PrefabAsset: {fileID: 0}
  serializedVersion: 6
  m_Component:
  - component: {fileID: 1890960860420130822}
  m_Layer: 0
  m_Name: RightFoot
  m_TagString: Untagged
  m_Icon: {fileID: 0}
  m_NavMeshLayer: 0
  m_StaticEditorFlags: 0
  m_IsActive: 1
--- !u!4 &1890960860420130822
Transform:
  m_ObjectHideFlags: 0
  m_CorrespondingSourceObject: {fileID: 0}
  m_PrefabInstance: {fileID: 0}
  m_PrefabAsset: {fileID: 0}
  m_GameObject: {fileID: 2549282968526904738}
  m_LocalRotation: {x: 0.109923944, y: -0.20874554, z: -0.16968805, w: 0.9568428}
  m_LocalPosition: {x: 0.0043898537, y: -0.32635653, z: -0.030126814}
  m_LocalScale: {x: 1, y: 1, z: 1}
  m_Children:
  - {fileID: 4882857114399429992}
  - {fileID: 1039556750107447110}
  m_Father: {fileID: 2813616283448345169}
  m_RootOrder: 0
  m_LocalEulerAnglesHint: {x: 8.019877, y: -26.173628, z: -21.979963}
--- !u!1 &2679596785389653907
GameObject:
  m_ObjectHideFlags: 0
  m_CorrespondingSourceObject: {fileID: 0}
  m_PrefabInstance: {fileID: 0}
  m_PrefabAsset: {fileID: 0}
  serializedVersion: 6
  m_Component:
  - component: {fileID: 8175903685351994328}
  m_Layer: 0
  m_Name: RightHandMiddle2
  m_TagString: Untagged
  m_Icon: {fileID: 0}
  m_NavMeshLayer: 0
  m_StaticEditorFlags: 0
  m_IsActive: 1
--- !u!4 &8175903685351994328
Transform:
  m_ObjectHideFlags: 0
  m_CorrespondingSourceObject: {fileID: 0}
  m_PrefabInstance: {fileID: 0}
  m_PrefabAsset: {fileID: 0}
  m_GameObject: {fileID: 2679596785389653907}
  m_LocalRotation: {x: -0.01588832, y: -0.021945445, z: -0.124791384, w: 0.991813}
  m_LocalPosition: {x: 0.03290935, y: -0.008754621, z: -0.0018692749}
  m_LocalScale: {x: 1, y: 1, z: 1}
  m_Children:
  - {fileID: 411319429375163805}
  m_Father: {fileID: 568054393870767181}
  m_RootOrder: 0
  m_LocalEulerAnglesHint: {x: -2.1200671, y: -2.2691174, z: -14.300718}
--- !u!1 &2772509640461761589
GameObject:
  m_ObjectHideFlags: 0
  m_CorrespondingSourceObject: {fileID: 0}
  m_PrefabInstance: {fileID: 0}
  m_PrefabAsset: {fileID: 0}
  serializedVersion: 6
  m_Component:
  - component: {fileID: 2192258748027248274}
  m_Layer: 0
  m_Name: RightHandPinky1
  m_TagString: Untagged
  m_Icon: {fileID: 0}
  m_NavMeshLayer: 0
  m_StaticEditorFlags: 0
  m_IsActive: 1
--- !u!4 &2192258748027248274
Transform:
  m_ObjectHideFlags: 0
  m_CorrespondingSourceObject: {fileID: 0}
  m_PrefabInstance: {fileID: 0}
  m_PrefabAsset: {fileID: 0}
  m_GameObject: {fileID: 2772509640461761589}
  m_LocalRotation: {x: 0.019892517, y: 0.050169878, z: 0.28448036, w: 0.95716155}
  m_LocalPosition: {x: 0.105294846, y: -0.013730919, z: -0.05625614}
  m_LocalScale: {x: 1, y: 1, z: 1}
  m_Children:
  - {fileID: 6569936549179093382}
  m_Father: {fileID: 3650675208028066606}
  m_RootOrder: 2
  m_LocalEulerAnglesHint: {x: 0.5437199, y: 6.1480145, z: 32.978806}
--- !u!1 &2783090011838877986
GameObject:
  m_ObjectHideFlags: 0
  m_CorrespondingSourceObject: {fileID: 0}
  m_PrefabInstance: {fileID: 0}
  m_PrefabAsset: {fileID: 0}
  serializedVersion: 6
  m_Component:
  - component: {fileID: 5137059950033515089}
  m_Layer: 0
  m_Name: RSleeve
  m_TagString: Untagged
  m_Icon: {fileID: 0}
  m_NavMeshLayer: 0
  m_StaticEditorFlags: 0
  m_IsActive: 1
--- !u!4 &5137059950033515089
Transform:
  m_ObjectHideFlags: 0
  m_CorrespondingSourceObject: {fileID: 0}
  m_PrefabInstance: {fileID: 0}
  m_PrefabAsset: {fileID: 0}
  m_GameObject: {fileID: 2783090011838877986}
  m_LocalRotation: {x: 0, y: -0, z: -0, w: 1}
  m_LocalPosition: {x: 0.066332005, y: -0.003448839, z: -0.012636502}
  m_LocalScale: {x: 1, y: 1, z: 1}
  m_Children: []
  m_Father: {fileID: 8065269701308115815}
  m_RootOrder: 1
  m_LocalEulerAnglesHint: {x: 0, y: 0, z: 0}
--- !u!1 &2807602387892468009
GameObject:
  m_ObjectHideFlags: 0
  m_CorrespondingSourceObject: {fileID: 0}
  m_PrefabInstance: {fileID: 0}
  m_PrefabAsset: {fileID: 0}
  serializedVersion: 6
  m_Component:
  - component: {fileID: 1703398568805656925}
  m_Layer: 0
  m_Name: LeftHandRing3
  m_TagString: Untagged
  m_Icon: {fileID: 0}
  m_NavMeshLayer: 0
  m_StaticEditorFlags: 0
  m_IsActive: 1
--- !u!4 &1703398568805656925
Transform:
  m_ObjectHideFlags: 0
  m_CorrespondingSourceObject: {fileID: 0}
  m_PrefabInstance: {fileID: 0}
  m_PrefabAsset: {fileID: 0}
  m_GameObject: {fileID: 2807602387892468009}
  m_LocalRotation: {x: 0, y: -0, z: -0, w: 1}
  m_LocalPosition: {x: -0.030227453, y: -0.012810167, z: -0.0029096045}
  m_LocalScale: {x: 1, y: 1, z: 1}
  m_Children: []
  m_Father: {fileID: 4708390744834233134}
  m_RootOrder: 0
  m_LocalEulerAnglesHint: {x: 0, y: 0, z: 0}
--- !u!1 &2822291805091273529
GameObject:
  m_ObjectHideFlags: 0
  m_CorrespondingSourceObject: {fileID: 0}
  m_PrefabInstance: {fileID: 0}
  m_PrefabAsset: {fileID: 0}
  serializedVersion: 6
  m_Component:
  - component: {fileID: 2677881444158074102}
  m_Layer: 0
  m_Name: LeftForeArm
  m_TagString: Untagged
  m_Icon: {fileID: 0}
  m_NavMeshLayer: 0
  m_StaticEditorFlags: 0
  m_IsActive: 1
--- !u!4 &2677881444158074102
Transform:
  m_ObjectHideFlags: 0
  m_CorrespondingSourceObject: {fileID: 0}
  m_PrefabInstance: {fileID: 0}
  m_PrefabAsset: {fileID: 0}
  m_GameObject: {fileID: 2822291805091273529}
  m_LocalRotation: {x: -0.00000007855314, y: 0.8074587, z: 0.00000010751963, w: 0.5899241}
  m_LocalPosition: {x: -0.21954697, y: -1.9895197e-15, z: -0.020410933}
  m_LocalScale: {x: 1, y: 1, z: 1}
  m_Children:
  - {fileID: 1095039710612318960}
  - {fileID: 3342495409103663168}
  m_Father: {fileID: 7303260612955262819}
  m_RootOrder: 0
  m_LocalEulerAnglesHint: {x: -0.000054312557, y: 107.12513, z: -0.000011984433}
--- !u!1 &2906470866107508100
GameObject:
  m_ObjectHideFlags: 0
  m_CorrespondingSourceObject: {fileID: 0}
  m_PrefabInstance: {fileID: 0}
  m_PrefabAsset: {fileID: 0}
  serializedVersion: 6
  m_Component:
  - component: {fileID: 5646651454380135536}
  m_Layer: 0
  m_Name: LeftHandThumb1
  m_TagString: Untagged
  m_Icon: {fileID: 0}
  m_NavMeshLayer: 0
  m_StaticEditorFlags: 0
  m_IsActive: 1
--- !u!4 &5646651454380135536
Transform:
  m_ObjectHideFlags: 0
  m_CorrespondingSourceObject: {fileID: 0}
  m_PrefabInstance: {fileID: 0}
  m_PrefabAsset: {fileID: 0}
  m_GameObject: {fileID: 2906470866107508100}
  m_LocalRotation: {x: -0.15198448, y: 0.12432633, z: -0.10602985, w: 0.9747827}
  m_LocalPosition: {x: -0.03593976, y: -0.01460358, z: 0.033655692}
  m_LocalScale: {x: 1, y: 1, z: 1}
  m_Children:
  - {fileID: 1767371901877322909}
  m_Father: {fileID: 1095039710612318960}
  m_RootOrder: 4
  m_LocalEulerAnglesHint: {x: -15.750662, y: 16.327234, z: -14.322166}
--- !u!1 &3183146559633693884
GameObject:
  m_ObjectHideFlags: 0
  m_CorrespondingSourceObject: {fileID: 0}
  m_PrefabInstance: {fileID: 0}
  m_PrefabAsset: {fileID: 0}
  serializedVersion: 6
  m_Component:
  - component: {fileID: 6730537074785957854}
  m_Layer: 0
  m_Name: BoyFacialAnim_Joint
  m_TagString: Untagged
  m_Icon: {fileID: 0}
  m_NavMeshLayer: 0
  m_StaticEditorFlags: 0
  m_IsActive: 1
--- !u!4 &6730537074785957854
Transform:
  m_ObjectHideFlags: 0
  m_CorrespondingSourceObject: {fileID: 0}
  m_PrefabInstance: {fileID: 0}
  m_PrefabAsset: {fileID: 0}
  m_GameObject: {fileID: 3183146559633693884}
  m_LocalRotation: {x: 0, y: -0, z: -0, w: 1}
  m_LocalPosition: {x: -0.01, y: -0.8220807, z: -0.015509221}
  m_LocalScale: {x: 1, y: 1, z: 1}
  m_Children: []
  m_Father: {fileID: 871098514028692296}
  m_RootOrder: 0
  m_LocalEulerAnglesHint: {x: 0, y: 0, z: 0}
--- !u!1 &3228663111880654761
GameObject:
  m_ObjectHideFlags: 0
  m_CorrespondingSourceObject: {fileID: 0}
  m_PrefabInstance: {fileID: 0}
  m_PrefabAsset: {fileID: 0}
  serializedVersion: 6
  m_Component:
  - component: {fileID: 2125092330950332908}
  m_Layer: 0
  m_Name: RightHandThumb1
  m_TagString: Untagged
  m_Icon: {fileID: 0}
  m_NavMeshLayer: 0
  m_StaticEditorFlags: 0
  m_IsActive: 1
--- !u!4 &2125092330950332908
Transform:
  m_ObjectHideFlags: 0
  m_CorrespondingSourceObject: {fileID: 0}
  m_PrefabInstance: {fileID: 0}
  m_PrefabAsset: {fileID: 0}
  m_GameObject: {fileID: 3228663111880654761}
  m_LocalRotation: {x: -0.13178545, y: -0.11407869, z: 0.2233855, w: 0.9590191}
  m_LocalPosition: {x: 0.035939768, y: -0.014603583, z: 0.033655696}
  m_LocalScale: {x: 1, y: 1, z: 1}
  m_Children:
  - {fileID: 1538837809752059767}
  m_Father: {fileID: 3650675208028066606}
  m_RootOrder: 4
  m_LocalEulerAnglesHint: {x: -11.642382, y: -16.470293, z: 27.915024}
--- !u!1 &3608921628740682536
GameObject:
  m_ObjectHideFlags: 0
  m_CorrespondingSourceObject: {fileID: 0}
  m_PrefabInstance: {fileID: 0}
  m_PrefabAsset: {fileID: 0}
  serializedVersion: 6
  m_Component:
  - component: {fileID: 3989745443872800502}
  m_Layer: 0
  m_Name: LeftHandPinky3
  m_TagString: Untagged
  m_Icon: {fileID: 0}
  m_NavMeshLayer: 0
  m_StaticEditorFlags: 0
  m_IsActive: 1
--- !u!4 &3989745443872800502
Transform:
  m_ObjectHideFlags: 0
  m_CorrespondingSourceObject: {fileID: 0}
  m_PrefabInstance: {fileID: 0}
  m_PrefabAsset: {fileID: 0}
  m_GameObject: {fileID: 3608921628740682536}
  m_LocalRotation: {x: 0, y: -0, z: -0, w: 1}
  m_LocalPosition: {x: -0.027245726, y: -0.008436143, z: -0.0025268465}
  m_LocalScale: {x: 1, y: 1, z: 1}
  m_Children: []
  m_Father: {fileID: 6612860899786700369}
  m_RootOrder: 0
  m_LocalEulerAnglesHint: {x: 0, y: 0, z: 0}
--- !u!1 &3744644669562888837
GameObject:
  m_ObjectHideFlags: 0
  m_CorrespondingSourceObject: {fileID: 0}
  m_PrefabInstance: {fileID: 0}
  m_PrefabAsset: {fileID: 0}
  serializedVersion: 6
  m_Component:
  - component: {fileID: 8689390733570250606}
  m_Layer: 0
  m_Name: LeftLeg
  m_TagString: Untagged
  m_Icon: {fileID: 0}
  m_NavMeshLayer: 0
  m_StaticEditorFlags: 0
  m_IsActive: 1
--- !u!4 &8689390733570250606
Transform:
  m_ObjectHideFlags: 0
  m_CorrespondingSourceObject: {fileID: 0}
  m_PrefabInstance: {fileID: 0}
  m_PrefabAsset: {fileID: 0}
  m_GameObject: {fileID: 3744644669562888837}
  m_LocalRotation: {x: 0.23797172, y: -0.097156204, z: 0.01472052, w: 0.9662885}
  m_LocalPosition: {x: -0.004850517, y: -0.3255147, z: 0.001128628}
  m_LocalScale: {x: 1, y: 1, z: 1}
  m_Children:
  - {fileID: 6526717841830570494}
  - {fileID: 1002043972124110965}
  m_Father: {fileID: 7301583967127865396}
  m_RootOrder: 0
  m_LocalEulerAnglesHint: {x: 27.45824, y: -11.312241, z: -0.8795367}
--- !u!1 &3776485660501265628
GameObject:
  m_ObjectHideFlags: 0
  m_CorrespondingSourceObject: {fileID: 0}
  m_PrefabInstance: {fileID: 0}
  m_PrefabAsset: {fileID: 0}
  serializedVersion: 6
  m_Component:
  - component: {fileID: 1002043972124110965}
  m_Layer: 0
  m_Name: LeftPantLeg
  m_TagString: Untagged
  m_Icon: {fileID: 0}
  m_NavMeshLayer: 0
  m_StaticEditorFlags: 0
  m_IsActive: 1
--- !u!4 &1002043972124110965
Transform:
  m_ObjectHideFlags: 0
  m_CorrespondingSourceObject: {fileID: 0}
  m_PrefabInstance: {fileID: 0}
  m_PrefabAsset: {fileID: 0}
  m_GameObject: {fileID: 3776485660501265628}
  m_LocalRotation: {x: 0, y: -0, z: -0, w: 1}
  m_LocalPosition: {x: -0.011525492, y: -0.16519322, z: -0.022847313}
  m_LocalScale: {x: 1, y: 1, z: 1}
  m_Children: []
  m_Father: {fileID: 8689390733570250606}
  m_RootOrder: 1
  m_LocalEulerAnglesHint: {x: 0, y: 0, z: 0}
--- !u!1 &3997938764800474470
GameObject:
  m_ObjectHideFlags: 0
  m_CorrespondingSourceObject: {fileID: 0}
  m_PrefabInstance: {fileID: 0}
  m_PrefabAsset: {fileID: 0}
  serializedVersion: 6
  m_Component:
  - component: {fileID: 6719816185273836059}
  m_Layer: 0
  m_Name: RHoodieString1
  m_TagString: Untagged
  m_Icon: {fileID: 0}
  m_NavMeshLayer: 0
  m_StaticEditorFlags: 0
  m_IsActive: 1
--- !u!4 &6719816185273836059
Transform:
  m_ObjectHideFlags: 0
  m_CorrespondingSourceObject: {fileID: 0}
  m_PrefabInstance: {fileID: 0}
  m_PrefabAsset: {fileID: 0}
  m_GameObject: {fileID: 3997938764800474470}
  m_LocalRotation: {x: 0, y: -0, z: -0, w: 1}
  m_LocalPosition: {x: 0.00257711, y: -0.06364301, z: 0.03694586}
  m_LocalScale: {x: 1, y: 1, z: 1}
  m_Children:
  - {fileID: 2515466713293496682}
  m_Father: {fileID: 6728090281613902060}
  m_RootOrder: 0
  m_LocalEulerAnglesHint: {x: 0, y: 0, z: 0}
--- !u!1 &4128109263127523258
GameObject:
  m_ObjectHideFlags: 0
  m_CorrespondingSourceObject: {fileID: 0}
  m_PrefabInstance: {fileID: 0}
  m_PrefabAsset: {fileID: 0}
  serializedVersion: 6
  m_Component:
  - component: {fileID: 6569936549179093382}
  m_Layer: 0
  m_Name: RightHandPinky2
  m_TagString: Untagged
  m_Icon: {fileID: 0}
  m_NavMeshLayer: 0
  m_StaticEditorFlags: 0
  m_IsActive: 1
--- !u!4 &6569936549179093382
Transform:
  m_ObjectHideFlags: 0
  m_CorrespondingSourceObject: {fileID: 0}
  m_PrefabInstance: {fileID: 0}
  m_PrefabAsset: {fileID: 0}
  m_GameObject: {fileID: 4128109263127523258}
  m_LocalRotation: {x: -0.005581467, y: 0.010563075, z: -0.08418541, w: 0.9963785}
  m_LocalPosition: {x: 0.026790237, y: -0.009500736, z: -0.0033055397}
  m_LocalScale: {x: 1, y: 1, z: 1}
  m_Children:
  - {fileID: 2058140996731384343}
  m_Father: {fileID: 2192258748027248274}
  m_RootOrder: 0
  m_LocalEulerAnglesHint: {x: -0.53538054, y: 1.260056, z: -9.664947}
--- !u!1 &4171544647891220603
GameObject:
  m_ObjectHideFlags: 0
  m_CorrespondingSourceObject: {fileID: 0}
  m_PrefabInstance: {fileID: 0}
  m_PrefabAsset: {fileID: 0}
  serializedVersion: 6
  m_Component:
  - component: {fileID: 8709366471068703404}
  - component: {fileID: 2584436363490574653}
  m_Layer: 0
  m_Name: h_Geo
  m_TagString: Untagged
  m_Icon: {fileID: 0}
  m_NavMeshLayer: 0
  m_StaticEditorFlags: 0
  m_IsActive: 1
--- !u!4 &8709366471068703404
Transform:
  m_ObjectHideFlags: 0
  m_CorrespondingSourceObject: {fileID: 0}
  m_PrefabInstance: {fileID: 0}
  m_PrefabAsset: {fileID: 0}
  m_GameObject: {fileID: 4171544647891220603}
  m_LocalRotation: {x: 0, y: -0, z: -0, w: 1}
  m_LocalPosition: {x: -0, y: 0, z: 0}
  m_LocalScale: {x: 1, y: 1, z: 1}
  m_Children: []
  m_Father: {fileID: 8454073649177943080}
  m_RootOrder: 3
  m_LocalEulerAnglesHint: {x: 0, y: 0, z: 0}
--- !u!137 &2584436363490574653
SkinnedMeshRenderer:
  m_ObjectHideFlags: 0
  m_CorrespondingSourceObject: {fileID: 0}
  m_PrefabInstance: {fileID: 0}
  m_PrefabAsset: {fileID: 0}
  m_GameObject: {fileID: 4171544647891220603}
  m_Enabled: 1
  m_CastShadows: 1
  m_ReceiveShadows: 1
  m_DynamicOccludee: 1
  m_MotionVectors: 1
  m_LightProbeUsage: 1
  m_ReflectionProbeUsage: 1
  m_RenderingLayerMask: 1
  m_RendererPriority: 0
  m_Materials:
  - {fileID: -2032983031477371532, guid: 0b2f158f79a2f4040b23b5a399e7cac6, type: 3}
  m_StaticBatchInfo:
    firstSubMesh: 0
    subMeshCount: 0
  m_StaticBatchRoot: {fileID: 0}
  m_ProbeAnchor: {fileID: 0}
  m_LightProbeVolumeOverride: {fileID: 0}
  m_ScaleInLightmap: 1
  m_PreserveUVs: 0
  m_IgnoreNormalsForChartDetection: 0
  m_ImportantGI: 0
  m_StitchLightmapSeams: 1
  m_SelectedEditorRenderState: 3
  m_MinimumChartSize: 4
  m_AutoUVMaxDistance: 0.5
  m_AutoUVMaxAngle: 89
  m_LightmapParameters: {fileID: 0}
  m_SortingLayerID: 0
  m_SortingLayer: 0
  m_SortingOrder: 0
  serializedVersion: 2
  m_Quality: 0
  m_UpdateWhenOffscreen: 0
  m_SkinnedMotionVectors: 1
  m_Mesh: {fileID: -4818609143671401536, guid: 0b2f158f79a2f4040b23b5a399e7cac6, type: 3}
  m_Bones:
  - {fileID: 871098514028692296}
  - {fileID: 5379116063196127647}
  - {fileID: 7301583967127865396}
  - {fileID: 8689390733570250606}
  - {fileID: 6526717841830570494}
  - {fileID: 2106538301636397212}
  - {fileID: 922194736825106278}
  - {fileID: 1002043972124110965}
  - {fileID: 6081248538921318329}
  - {fileID: 2813616283448345169}
  - {fileID: 1890960860420130822}
  - {fileID: 1039556750107447110}
  - {fileID: 4882857114399429992}
  - {fileID: 4918981869585137429}
  - {fileID: 4443265199717197910}
  - {fileID: 7099240876293662478}
  - {fileID: 1986820132457976826}
  - {fileID: 5102916706227283421}
  - {fileID: 2853323737354159253}
  - {fileID: 2253388367753495349}
  - {fileID: 169634613688233815}
  - {fileID: 4206021758593693022}
  - {fileID: 5925955143979012890}
  - {fileID: 7303260612955262819}
  - {fileID: 2677881444158074102}
  - {fileID: 1095039710612318960}
  - {fileID: 5646651454380135536}
  - {fileID: 1767371901877322909}
  - {fileID: 7099673210607546723}
  - {fileID: 5024225884174094394}
  - {fileID: 8538563498047686675}
  - {fileID: 5228000287178234506}
  - {fileID: 546198755613832164}
  - {fileID: 8287924867275263556}
  - {fileID: 3619453967858665531}
  - {fileID: 8991895569000068890}
  - {fileID: 4708390744834233134}
  - {fileID: 1703398568805656925}
  - {fileID: 8435573471748402629}
  - {fileID: 6612860899786700369}
  - {fileID: 3989745443872800502}
  - {fileID: 3342495409103663168}
  - {fileID: 2730707500638590499}
  - {fileID: 9205566891498329189}
  - {fileID: 8065269701308115815}
  - {fileID: 3650675208028066606}
  - {fileID: 2125092330950332908}
  - {fileID: 1538837809752059767}
  - {fileID: 6879943067422982914}
  - {fileID: 6125717028422082213}
  - {fileID: 1287998324019390866}
  - {fileID: 7244671117914135471}
  - {fileID: 568054393870767181}
  - {fileID: 8175903685351994328}
  - {fileID: 411319429375163805}
  - {fileID: 6598155080960589201}
  - {fileID: 2142476423709724848}
  - {fileID: 7548738021824285050}
  - {fileID: 2192258748027248274}
  - {fileID: 6569936549179093382}
  - {fileID: 2058140996731384343}
  - {fileID: 5137059950033515089}
  - {fileID: 7832090377164049461}
  - {fileID: 497953228432001943}
  - {fileID: 4018089782770838385}
  - {fileID: 4432354695598061614}
  - {fileID: 1915403663689182699}
  - {fileID: 2294607354063270083}
  - {fileID: 6728090281613902060}
  - {fileID: 6719816185273836059}
  - {fileID: 2515466713293496682}
  - {fileID: 4231834180887350220}
  - {fileID: 1914471300521446215}
  m_BlendShapeWeights: []
  m_RootBone: {fileID: 871098514028692296}
  m_AABB:
    m_Center: {x: -0.08923884, y: 0.34363192, z: 0.38655102}
    m_Extent: {x: 0.13974512, y: 0.08971107, z: 0.10924578}
  m_DirtyAABB: 0
--- !u!1 &4272493761061218490
GameObject:
  m_ObjectHideFlags: 0
  m_CorrespondingSourceObject: {fileID: 0}
  m_PrefabInstance: {fileID: 0}
  m_PrefabAsset: {fileID: 0}
  serializedVersion: 6
  m_Component:
  - component: {fileID: 3619453967858665531}
  m_Layer: 0
  m_Name: LeftHandMiddle3
  m_TagString: Untagged
  m_Icon: {fileID: 0}
  m_NavMeshLayer: 0
  m_StaticEditorFlags: 0
  m_IsActive: 1
--- !u!4 &3619453967858665531
Transform:
  m_ObjectHideFlags: 0
  m_CorrespondingSourceObject: {fileID: 0}
  m_PrefabInstance: {fileID: 0}
  m_PrefabAsset: {fileID: 0}
  m_GameObject: {fileID: 4272493761061218490}
  m_LocalRotation: {x: 0, y: -0, z: -0, w: 1}
  m_LocalPosition: {x: -0.030945493, y: -0.011502248, z: -0.0026758797}
  m_LocalScale: {x: 1, y: 1, z: 1}
  m_Children: []
  m_Father: {fileID: 8287924867275263556}
  m_RootOrder: 0
  m_LocalEulerAnglesHint: {x: 0, y: 0, z: 0}
--- !u!1 &4350785683358157455
GameObject:
  m_ObjectHideFlags: 0
  m_CorrespondingSourceObject: {fileID: 0}
  m_PrefabInstance: {fileID: 0}
  m_PrefabAsset: {fileID: 0}
  serializedVersion: 6
  m_Component:
  - component: {fileID: 8634198088910248595}
  - component: {fileID: 1672579751966892858}
  m_Layer: 0
  m_Name: Boy01_Body_Geo
  m_TagString: Untagged
  m_Icon: {fileID: 0}
  m_NavMeshLayer: 0
  m_StaticEditorFlags: 0
  m_IsActive: 1
--- !u!4 &8634198088910248595
Transform:
  m_ObjectHideFlags: 0
  m_CorrespondingSourceObject: {fileID: 0}
  m_PrefabInstance: {fileID: 0}
  m_PrefabAsset: {fileID: 0}
  m_GameObject: {fileID: 4350785683358157455}
  m_LocalRotation: {x: 0, y: -0, z: -0, w: 1}
  m_LocalPosition: {x: -0, y: 0, z: 0}
  m_LocalScale: {x: 1, y: 1, z: 1}
  m_Children: []
  m_Father: {fileID: 8454073649177943080}
  m_RootOrder: 0
  m_LocalEulerAnglesHint: {x: 0, y: 0, z: 0}
--- !u!137 &1672579751966892858
SkinnedMeshRenderer:
  m_ObjectHideFlags: 0
  m_CorrespondingSourceObject: {fileID: 0}
  m_PrefabInstance: {fileID: 0}
  m_PrefabAsset: {fileID: 0}
  m_GameObject: {fileID: 4350785683358157455}
  m_Enabled: 1
  m_CastShadows: 1
  m_ReceiveShadows: 1
  m_DynamicOccludee: 1
  m_MotionVectors: 1
  m_LightProbeUsage: 1
  m_ReflectionProbeUsage: 1
  m_RenderingLayerMask: 1
  m_RendererPriority: 0
  m_Materials:
  - {fileID: 5414641497151131908, guid: 0b2f158f79a2f4040b23b5a399e7cac6, type: 3}
  m_StaticBatchInfo:
    firstSubMesh: 0
    subMeshCount: 0
  m_StaticBatchRoot: {fileID: 0}
  m_ProbeAnchor: {fileID: 0}
  m_LightProbeVolumeOverride: {fileID: 0}
  m_ScaleInLightmap: 1
  m_PreserveUVs: 0
  m_IgnoreNormalsForChartDetection: 0
  m_ImportantGI: 0
  m_StitchLightmapSeams: 1
  m_SelectedEditorRenderState: 3
  m_MinimumChartSize: 4
  m_AutoUVMaxDistance: 0.5
  m_AutoUVMaxAngle: 89
  m_LightmapParameters: {fileID: 0}
  m_SortingLayerID: 0
  m_SortingLayer: 0
  m_SortingOrder: 0
  serializedVersion: 2
  m_Quality: 0
  m_UpdateWhenOffscreen: 0
  m_SkinnedMotionVectors: 1
  m_Mesh: {fileID: 8758155152939578965, guid: 0b2f158f79a2f4040b23b5a399e7cac6, type: 3}
  m_Bones:
  - {fileID: 871098514028692296}
  - {fileID: 5379116063196127647}
  - {fileID: 7301583967127865396}
  - {fileID: 8689390733570250606}
  - {fileID: 6526717841830570494}
  - {fileID: 2106538301636397212}
  - {fileID: 922194736825106278}
  - {fileID: 1002043972124110965}
  - {fileID: 6081248538921318329}
  - {fileID: 2813616283448345169}
  - {fileID: 1890960860420130822}
  - {fileID: 1039556750107447110}
  - {fileID: 4882857114399429992}
  - {fileID: 4918981869585137429}
  - {fileID: 4443265199717197910}
  - {fileID: 7099240876293662478}
  - {fileID: 1986820132457976826}
  - {fileID: 5102916706227283421}
  - {fileID: 2853323737354159253}
  - {fileID: 2253388367753495349}
  - {fileID: 169634613688233815}
  - {fileID: 4206021758593693022}
  - {fileID: 5925955143979012890}
  - {fileID: 7303260612955262819}
  - {fileID: 2677881444158074102}
  - {fileID: 1095039710612318960}
  - {fileID: 5646651454380135536}
  - {fileID: 1767371901877322909}
  - {fileID: 7099673210607546723}
  - {fileID: 5024225884174094394}
  - {fileID: 8538563498047686675}
  - {fileID: 5228000287178234506}
  - {fileID: 546198755613832164}
  - {fileID: 8287924867275263556}
  - {fileID: 3619453967858665531}
  - {fileID: 8991895569000068890}
  - {fileID: 4708390744834233134}
  - {fileID: 1703398568805656925}
  - {fileID: 8435573471748402629}
  - {fileID: 6612860899786700369}
  - {fileID: 3989745443872800502}
  - {fileID: 3342495409103663168}
  - {fileID: 2730707500638590499}
  - {fileID: 9205566891498329189}
  - {fileID: 8065269701308115815}
  - {fileID: 3650675208028066606}
  - {fileID: 2125092330950332908}
  - {fileID: 1538837809752059767}
  - {fileID: 6879943067422982914}
  - {fileID: 6125717028422082213}
  - {fileID: 1287998324019390866}
  - {fileID: 7244671117914135471}
  - {fileID: 568054393870767181}
  - {fileID: 8175903685351994328}
  - {fileID: 411319429375163805}
  - {fileID: 6598155080960589201}
  - {fileID: 2142476423709724848}
  - {fileID: 7548738021824285050}
  - {fileID: 2192258748027248274}
  - {fileID: 6569936549179093382}
  - {fileID: 2058140996731384343}
  - {fileID: 5137059950033515089}
  - {fileID: 7832090377164049461}
  - {fileID: 497953228432001943}
  - {fileID: 4018089782770838385}
  - {fileID: 4432354695598061614}
  - {fileID: 1915403663689182699}
  - {fileID: 2294607354063270083}
  - {fileID: 6728090281613902060}
  - {fileID: 6719816185273836059}
  - {fileID: 2515466713293496682}
  - {fileID: 4231834180887350220}
  - {fileID: 1914471300521446215}
  m_BlendShapeWeights: []
  m_RootBone: {fileID: 871098514028692296}
  m_AABB:
    m_Center: {x: -0.020874798, y: -0.025153458, z: 0.23221648}
    m_Extent: {x: 0.45647663, y: 0.89828163, z: 0.5822327}
  m_DirtyAABB: 0
--- !u!1 &4412098872395030885
GameObject:
  m_ObjectHideFlags: 0
  m_CorrespondingSourceObject: {fileID: 0}
  m_PrefabInstance: {fileID: 0}
  m_PrefabAsset: {fileID: 0}
  serializedVersion: 6
  m_Component:
  - component: {fileID: 3650675208028066606}
  m_Layer: 0
  m_Name: RightHand
  m_TagString: Untagged
  m_Icon: {fileID: 0}
  m_NavMeshLayer: 0
  m_StaticEditorFlags: 0
  m_IsActive: 1
--- !u!4 &3650675208028066606
Transform:
  m_ObjectHideFlags: 0
  m_CorrespondingSourceObject: {fileID: 0}
  m_PrefabInstance: {fileID: 0}
  m_PrefabAsset: {fileID: 0}
  m_GameObject: {fileID: 4412098872395030885}
  m_LocalRotation: {x: 0.4799863, y: 0.04962587, z: -0.10670408, w: 0.86934733}
  m_LocalPosition: {x: 0.22992906, y: -3.126388e-15, z: -0.008709004}
  m_LocalScale: {x: 1, y: 1, z: 1}
  m_Children:
  - {fileID: 6125717028422082213}
  - {fileID: 568054393870767181}
  - {fileID: 2192258748027248274}
  - {fileID: 6598155080960589201}
  - {fileID: 2125092330950332908}
  m_Father: {fileID: 8065269701308115815}
  m_RootOrder: 0
  m_LocalEulerAnglesHint: {x: 58.3519, y: -1.5060087, z: -14.980227}
--- !u!1 &4412222605529091511
GameObject:
  m_ObjectHideFlags: 0
  m_CorrespondingSourceObject: {fileID: 0}
  m_PrefabInstance: {fileID: 0}
  m_PrefabAsset: {fileID: 0}
  serializedVersion: 6
  m_Component:
  - component: {fileID: 8991895569000068890}
  m_Layer: 0
  m_Name: LeftHandRing1
  m_TagString: Untagged
  m_Icon: {fileID: 0}
  m_NavMeshLayer: 0
  m_StaticEditorFlags: 0
  m_IsActive: 1
--- !u!4 &8991895569000068890
Transform:
  m_ObjectHideFlags: 0
  m_CorrespondingSourceObject: {fileID: 0}
  m_PrefabInstance: {fileID: 0}
  m_PrefabAsset: {fileID: 0}
  m_GameObject: {fileID: 4412222605529091511}
  m_LocalRotation: {x: 0.015062706, y: -0.033273682, z: -0.32249925, w: 0.9458648}
  m_LocalPosition: {x: -0.11497079, y: -0.00008906432, z: -0.030700507}
  m_LocalScale: {x: 1, y: 1, z: 1}
  m_Children:
  - {fileID: 4708390744834233134}
  m_Father: {fileID: 1095039710612318960}
  m_RootOrder: 3
  m_LocalEulerAnglesHint: {x: 0.44416255, y: -4.060498, z: -37.178165}
--- !u!1 &4482901490372596249
GameObject:
  m_ObjectHideFlags: 0
  m_CorrespondingSourceObject: {fileID: 0}
  m_PrefabInstance: {fileID: 0}
  m_PrefabAsset: {fileID: 0}
  serializedVersion: 6
  m_Component:
  - component: {fileID: 1538837809752059767}
  m_Layer: 0
  m_Name: RightHandThumb2
  m_TagString: Untagged
  m_Icon: {fileID: 0}
  m_NavMeshLayer: 0
  m_StaticEditorFlags: 0
  m_IsActive: 1
--- !u!4 &1538837809752059767
Transform:
  m_ObjectHideFlags: 0
  m_CorrespondingSourceObject: {fileID: 0}
  m_PrefabInstance: {fileID: 0}
  m_PrefabAsset: {fileID: 0}
  m_GameObject: {fileID: 4482901490372596249}
  m_LocalRotation: {x: 0.110418834, y: 0.17868531, z: 0.0098236995, w: 0.9776414}
  m_LocalPosition: {x: 0.030167103, y: -0.015619701, z: 0.021190222}
  m_LocalScale: {x: 1, y: 1, z: 1}
  m_Children:
  - {fileID: 6879943067422982914}
  m_Father: {fileID: 2125092330950332908}
  m_RootOrder: 0
  m_LocalEulerAnglesHint: {x: 12.319525, y: 21.249668, z: 3.4062345}
--- !u!1 &4496500994855324237
GameObject:
  m_ObjectHideFlags: 0
  m_CorrespondingSourceObject: {fileID: 0}
  m_PrefabInstance: {fileID: 0}
  m_PrefabAsset: {fileID: 0}
  serializedVersion: 6
  m_Component:
  - component: {fileID: 6081248538921318329}
  m_Layer: 0
  m_Name: RightUpLeg
  m_TagString: Untagged
  m_Icon: {fileID: 0}
  m_NavMeshLayer: 0
  m_StaticEditorFlags: 0
  m_IsActive: 1
--- !u!4 &6081248538921318329
Transform:
  m_ObjectHideFlags: 0
  m_CorrespondingSourceObject: {fileID: 0}
  m_PrefabInstance: {fileID: 0}
  m_PrefabAsset: {fileID: 0}
  m_GameObject: {fileID: 4496500994855324237}
  m_LocalRotation: {x: -0.04480054, y: 0.15021852, z: -0.033293802, w: 0.9870759}
  m_LocalPosition: {x: 0.08479694, y: -0.04795516, z: -0.0037905346}
  m_LocalScale: {x: 1, y: 1, z: 1}
  m_Children:
  - {fileID: 2813616283448345169}
  m_Father: {fileID: 5379116063196127647}
  m_RootOrder: 1
  m_LocalEulerAnglesHint: {x: -4.498922, y: 17.485416, z: -4.5558896}
--- !u!1 &4500027365863094879
GameObject:
  m_ObjectHideFlags: 0
  m_CorrespondingSourceObject: {fileID: 0}
  m_PrefabInstance: {fileID: 0}
  m_PrefabAsset: {fileID: 0}
  serializedVersion: 6
  m_Component:
  - component: {fileID: 1095039710612318960}
  m_Layer: 0
  m_Name: LeftHand
  m_TagString: Untagged
  m_Icon: {fileID: 0}
  m_NavMeshLayer: 0
  m_StaticEditorFlags: 0
  m_IsActive: 1
--- !u!4 &1095039710612318960
Transform:
  m_ObjectHideFlags: 0
  m_CorrespondingSourceObject: {fileID: 0}
  m_PrefabInstance: {fileID: 0}
  m_PrefabAsset: {fileID: 0}
  m_GameObject: {fileID: 4500027365863094879}
  m_LocalRotation: {x: 0.47959822, y: -0.042001877, z: 0.10013335, w: 0.87074375}
  m_LocalPosition: {x: -0.22992906, y: -4.2632563e-16, z: -0.008709004}
  m_LocalScale: {x: 1, y: 1, z: 1}
  m_Children:
  - {fileID: 5024225884174094394}
  - {fileID: 546198755613832164}
  - {fileID: 8435573471748402629}
  - {fileID: 8991895569000068890}
  - {fileID: 5646651454380135536}
  m_Father: {fileID: 2677881444158074102}
  m_RootOrder: 0
  m_LocalEulerAnglesHint: {x: 56.960133, y: 2.372318, z: 14.01188}
--- !u!1 &4541263640801809790
GameObject:
  m_ObjectHideFlags: 0
  m_CorrespondingSourceObject: {fileID: 0}
  m_PrefabInstance: {fileID: 0}
  m_PrefabAsset: {fileID: 0}
  serializedVersion: 6
  m_Component:
  - component: {fileID: 8435573471748402629}
  m_Layer: 0
  m_Name: LeftHandPinky1
  m_TagString: Untagged
  m_Icon: {fileID: 0}
  m_NavMeshLayer: 0
  m_StaticEditorFlags: 0
  m_IsActive: 1
--- !u!4 &8435573471748402629
Transform:
  m_ObjectHideFlags: 0
  m_CorrespondingSourceObject: {fileID: 0}
  m_PrefabInstance: {fileID: 0}
  m_PrefabAsset: {fileID: 0}
  m_GameObject: {fileID: 4541263640801809790}
  m_LocalRotation: {x: 0.020285243, y: -0.06392718, z: -0.34011713, w: 0.93798834}
  m_LocalPosition: {x: -0.10529485, y: -0.013730914, z: -0.056256145}
  m_LocalScale: {x: 1, y: 1, z: 1}
  m_Children:
  - {fileID: 6612860899786700369}
  m_Father: {fileID: 1095039710612318960}
  m_RootOrder: 2
  m_LocalEulerAnglesHint: {x: -0.23715372, y: -7.407924, z: -39.427402}
--- !u!1 &4638469707167769594
GameObject:
  m_ObjectHideFlags: 0
  m_CorrespondingSourceObject: {fileID: 0}
  m_PrefabInstance: {fileID: 0}
  m_PrefabAsset: {fileID: 0}
  serializedVersion: 6
  m_Component:
  - component: {fileID: 546198755613832164}
  m_Layer: 0
  m_Name: LeftHandMiddle1
  m_TagString: Untagged
  m_Icon: {fileID: 0}
  m_NavMeshLayer: 0
  m_StaticEditorFlags: 0
  m_IsActive: 1
--- !u!4 &546198755613832164
Transform:
  m_ObjectHideFlags: 0
  m_CorrespondingSourceObject: {fileID: 0}
  m_PrefabInstance: {fileID: 0}
  m_PrefabAsset: {fileID: 0}
  m_GameObject: {fileID: 4638469707167769594}
  m_LocalRotation: {x: 0.012635646, y: -0.012981582, z: -0.28441146, w: 0.95853114}
  m_LocalPosition: {x: -0.11327374, y: 0.004266898, z: -0.0009818026}
  m_LocalScale: {x: 1, y: 1, z: 1}
  m_Children:
  - {fileID: 8287924867275263556}
  m_Father: {fileID: 1095039710612318960}
  m_RootOrder: 1
  m_LocalEulerAnglesHint: {x: 0.9195486, y: -1.9344563, z: -32.693245}
--- !u!1 &4692908525050434409
GameObject:
  m_ObjectHideFlags: 0
  m_CorrespondingSourceObject: {fileID: 0}
  m_PrefabInstance: {fileID: 0}
  m_PrefabAsset: {fileID: 0}
  serializedVersion: 6
  m_Component:
  - component: {fileID: 4206021758593693022}
  m_Layer: 0
  m_Name: Hat
  m_TagString: Untagged
  m_Icon: {fileID: 0}
  m_NavMeshLayer: 0
  m_StaticEditorFlags: 0
  m_IsActive: 1
--- !u!4 &4206021758593693022
Transform:
  m_ObjectHideFlags: 0
  m_CorrespondingSourceObject: {fileID: 0}
  m_PrefabInstance: {fileID: 0}
  m_PrefabAsset: {fileID: 0}
  m_GameObject: {fileID: 4692908525050434409}
  m_LocalRotation: {x: 0, y: -0, z: -0, w: 1}
  m_LocalPosition: {x: -0.16728799, y: 0.15048301, z: -0.15439649}
  m_LocalScale: {x: 1, y: 1, z: 1}
  m_Children: []
  m_Father: {fileID: 2853323737354159253}
  m_RootOrder: 2
  m_LocalEulerAnglesHint: {x: 0, y: 0, z: 0}
--- !u!1 &4830601986819436091
GameObject:
  m_ObjectHideFlags: 0
  m_CorrespondingSourceObject: {fileID: 0}
  m_PrefabInstance: {fileID: 0}
  m_PrefabAsset: {fileID: 0}
  serializedVersion: 6
  m_Component:
  - component: {fileID: 8454073649177943080}
  - component: {fileID: 36617990428828083}
  m_Layer: 0
  m_Name: Lying AJ
  m_TagString: Untagged
  m_Icon: {fileID: 0}
  m_NavMeshLayer: 0
  m_StaticEditorFlags: 0
  m_IsActive: 1
--- !u!4 &8454073649177943080
Transform:
  m_ObjectHideFlags: 0
  m_CorrespondingSourceObject: {fileID: 0}
  m_PrefabInstance: {fileID: 0}
  m_PrefabAsset: {fileID: 0}
  m_GameObject: {fileID: 4830601986819436091}
  m_LocalRotation: {x: 0, y: 0, z: 0, w: 1}
  m_LocalPosition: {x: 0, y: 0, z: 0}
  m_LocalScale: {x: 1, y: 1, z: 1}
  m_Children:
  - {fileID: 8634198088910248595}
  - {fileID: 360869754160041684}
  - {fileID: 8160449887994597348}
  - {fileID: 8709366471068703404}
  - {fileID: 871098514028692296}
  m_Father: {fileID: 0}
  m_RootOrder: 0
  m_LocalEulerAnglesHint: {x: 0, y: 0, z: 0}
--- !u!111 &36617990428828083
Animation:
  m_ObjectHideFlags: 0
  m_CorrespondingSourceObject: {fileID: 0}
  m_PrefabInstance: {fileID: 0}
  m_PrefabAsset: {fileID: 0}
  m_GameObject: {fileID: 4830601986819436091}
  m_Enabled: 0
  serializedVersion: 3
  m_Animation: {fileID: -203655887218126122, guid: 0b2f158f79a2f4040b23b5a399e7cac6,
    type: 3}
  m_Animations:
  - {fileID: -203655887218126122, guid: 0b2f158f79a2f4040b23b5a399e7cac6, type: 3}
  m_WrapMode: 0
  m_PlayAutomatically: 1
  m_AnimatePhysics: 0
  m_CullingType: 1
--- !u!1 &5111690816555714949
GameObject:
  m_ObjectHideFlags: 0
  m_CorrespondingSourceObject: {fileID: 0}
  m_PrefabInstance: {fileID: 0}
  m_PrefabAsset: {fileID: 0}
  serializedVersion: 6
  m_Component:
  - component: {fileID: 6612860899786700369}
  m_Layer: 0
  m_Name: LeftHandPinky2
  m_TagString: Untagged
  m_Icon: {fileID: 0}
  m_NavMeshLayer: 0
  m_StaticEditorFlags: 0
  m_IsActive: 1
--- !u!4 &6612860899786700369
Transform:
  m_ObjectHideFlags: 0
  m_CorrespondingSourceObject: {fileID: 0}
  m_PrefabInstance: {fileID: 0}
  m_PrefabAsset: {fileID: 0}
  m_GameObject: {fileID: 5111690816555714949}
  m_LocalRotation: {x: -0.01082908, y: -0.010442848, z: 0.13242678, w: 0.9910787}
  m_LocalPosition: {x: -0.026790237, y: -0.009500736, z: -0.0033055397}
  m_LocalScale: {x: 1, y: 1, z: 1}
  m_Children:
  - {fileID: 3989745443872800502}
  m_Father: {fileID: 8435573471748402629}
  m_RootOrder: 0
  m_LocalEulerAnglesHint: {x: -1.0714422, y: -1.3506783, z: 15.234059}
--- !u!1 &5177268106608872393
GameObject:
  m_ObjectHideFlags: 0
  m_CorrespondingSourceObject: {fileID: 0}
  m_PrefabInstance: {fileID: 0}
  m_PrefabAsset: {fileID: 0}
  serializedVersion: 6
  m_Component:
  - component: {fileID: 5379116063196127647}
  m_Layer: 0
  m_Name: Pelvis
  m_TagString: Untagged
  m_Icon: {fileID: 0}
  m_NavMeshLayer: 0
  m_StaticEditorFlags: 0
  m_IsActive: 1
--- !u!4 &5379116063196127647
Transform:
  m_ObjectHideFlags: 0
  m_CorrespondingSourceObject: {fileID: 0}
  m_PrefabInstance: {fileID: 0}
  m_PrefabAsset: {fileID: 0}
  m_GameObject: {fileID: 5177268106608872393}
  m_LocalRotation: {x: 0, y: -0, z: -0, w: 1}
  m_LocalPosition: {x: -0, y: 0, z: 0}
  m_LocalScale: {x: 1, y: 1, z: 1}
  m_Children:
  - {fileID: 7301583967127865396}
  - {fileID: 6081248538921318329}
  m_Father: {fileID: 871098514028692296}
  m_RootOrder: 1
  m_LocalEulerAnglesHint: {x: 0, y: 0, z: 0}
--- !u!1 &5253807301174193171
GameObject:
  m_ObjectHideFlags: 0
  m_CorrespondingSourceObject: {fileID: 0}
  m_PrefabInstance: {fileID: 0}
  m_PrefabAsset: {fileID: 0}
  serializedVersion: 6
  m_Component:
  - component: {fileID: 4231834180887350220}
  m_Layer: 0
  m_Name: LBackpack_Strap
  m_TagString: Untagged
  m_Icon: {fileID: 0}
  m_NavMeshLayer: 0
  m_StaticEditorFlags: 0
  m_IsActive: 1
--- !u!4 &4231834180887350220
Transform:
  m_ObjectHideFlags: 0
  m_CorrespondingSourceObject: {fileID: 0}
  m_PrefabInstance: {fileID: 0}
  m_PrefabAsset: {fileID: 0}
  m_GameObject: {fileID: 5253807301174193171}
  m_LocalRotation: {x: 0, y: -0, z: -0, w: 1}
  m_LocalPosition: {x: -0.15223172, y: -0.07719787, z: -0.06610897}
  m_LocalScale: {x: 1, y: 1, z: 1}
  m_Children: []
  m_Father: {fileID: 7099240876293662478}
  m_RootOrder: 0
  m_LocalEulerAnglesHint: {x: 0, y: 0, z: 0}
--- !u!1 &5288533905095281232
GameObject:
  m_ObjectHideFlags: 0
  m_CorrespondingSourceObject: {fileID: 0}
  m_PrefabInstance: {fileID: 0}
  m_PrefabAsset: {fileID: 0}
  serializedVersion: 6
  m_Component:
  - component: {fileID: 2730707500638590499}
  m_Layer: 0
  m_Name: RightShoulder
  m_TagString: Untagged
  m_Icon: {fileID: 0}
  m_NavMeshLayer: 0
  m_StaticEditorFlags: 0
  m_IsActive: 1
--- !u!4 &2730707500638590499
Transform:
  m_ObjectHideFlags: 0
  m_CorrespondingSourceObject: {fileID: 0}
  m_PrefabInstance: {fileID: 0}
  m_PrefabAsset: {fileID: 0}
  m_GameObject: {fileID: 5288533905095281232}
  m_LocalRotation: {x: 0.007204792, y: -0.06473461, z: -0.05819796, w: 0.996178}
  m_LocalPosition: {x: 0.061978232, y: 0.13665234, z: -0.040647224}
  m_LocalScale: {x: 1, y: 1, z: 1}
  m_Children:
  - {fileID: 9205566891498329189}
  m_Father: {fileID: 1986820132457976826}
  m_RootOrder: 6
  m_LocalEulerAnglesHint: {x: 0.40970302, y: -7.5122876, z: -6.3451223}
--- !u!1 &5322279014700890818
GameObject:
  m_ObjectHideFlags: 0
  m_CorrespondingSourceObject: {fileID: 0}
  m_PrefabInstance: {fileID: 0}
  m_PrefabAsset: {fileID: 0}
  serializedVersion: 6
  m_Component:
  - component: {fileID: 5925955143979012890}
  m_Layer: 0
  m_Name: LeftShoulder
  m_TagString: Untagged
  m_Icon: {fileID: 0}
  m_NavMeshLayer: 0
  m_StaticEditorFlags: 0
  m_IsActive: 1
--- !u!4 &5925955143979012890
Transform:
  m_ObjectHideFlags: 0
  m_CorrespondingSourceObject: {fileID: 0}
  m_PrefabInstance: {fileID: 0}
  m_PrefabAsset: {fileID: 0}
  m_GameObject: {fileID: 5322279014700890818}
  m_LocalRotation: {x: 0.0062281555, y: 0.08952568, z: 0.07580887, w: 0.9930757}
  m_LocalPosition: {x: -0.06197824, y: 0.13665234, z: -0.040647224}
  m_LocalScale: {x: 1, y: 1, z: 1}
  m_Children:
  - {fileID: 7303260612955262819}
  m_Father: {fileID: 1986820132457976826}
  m_RootOrder: 2
  m_LocalEulerAnglesHint: {x: -0.10025263, y: 10.058751, z: 9.068785}
--- !u!1 &5536430702750502536
GameObject:
  m_ObjectHideFlags: 0
  m_CorrespondingSourceObject: {fileID: 0}
  m_PrefabInstance: {fileID: 0}
  m_PrefabAsset: {fileID: 0}
  serializedVersion: 6
  m_Component:
  - component: {fileID: 7303260612955262819}
  m_Layer: 0
  m_Name: LeftArm
  m_TagString: Untagged
  m_Icon: {fileID: 0}
  m_NavMeshLayer: 0
  m_StaticEditorFlags: 0
  m_IsActive: 1
--- !u!4 &7303260612955262819
Transform:
  m_ObjectHideFlags: 0
  m_CorrespondingSourceObject: {fileID: 0}
  m_PrefabInstance: {fileID: 0}
  m_PrefabAsset: {fileID: 0}
  m_GameObject: {fileID: 5536430702750502536}
  m_LocalRotation: {x: 0.33521155, y: -0.30183586, z: 0.42035618, w: 0.7872922}
  m_LocalPosition: {x: -0.07778132, y: -0.0018707226, z: -0.017092818}
  m_LocalScale: {x: 1, y: 1, z: 1}
  m_Children:
  - {fileID: 2677881444158074102}
  m_Father: {fileID: 5925955143979012890}
  m_RootOrder: 0
  m_LocalEulerAnglesHint: {x: 51.03071, y: -16.974707, z: 47.27884}
--- !u!1 &5602871775541433611
GameObject:
  m_ObjectHideFlags: 0
  m_CorrespondingSourceObject: {fileID: 0}
  m_PrefabInstance: {fileID: 0}
  m_PrefabAsset: {fileID: 0}
  serializedVersion: 6
  m_Component:
  - component: {fileID: 4882857114399429992}
  m_Layer: 0
  m_Name: RFootTongue
  m_TagString: Untagged
  m_Icon: {fileID: 0}
  m_NavMeshLayer: 0
  m_StaticEditorFlags: 0
  m_IsActive: 1
--- !u!4 &4882857114399429992
Transform:
  m_ObjectHideFlags: 0
  m_CorrespondingSourceObject: {fileID: 0}
  m_PrefabInstance: {fileID: 0}
  m_PrefabAsset: {fileID: 0}
  m_GameObject: {fileID: 5602871775541433611}
  m_LocalRotation: {x: 0, y: -0, z: -0, w: 1}
  m_LocalPosition: {x: 0.011422202, y: -0.0105979, z: 0.06665161}
  m_LocalScale: {x: 1, y: 1, z: 1}
  m_Children: []
  m_Father: {fileID: 1890960860420130822}
  m_RootOrder: 0
  m_LocalEulerAnglesHint: {x: 0, y: 0, z: 0}
--- !u!1 &5617344189311670075
GameObject:
  m_ObjectHideFlags: 0
  m_CorrespondingSourceObject: {fileID: 0}
  m_PrefabInstance: {fileID: 0}
  m_PrefabAsset: {fileID: 0}
  serializedVersion: 6
  m_Component:
  - component: {fileID: 1767371901877322909}
  m_Layer: 0
  m_Name: LeftHandThumb2
  m_TagString: Untagged
  m_Icon: {fileID: 0}
  m_NavMeshLayer: 0
  m_StaticEditorFlags: 0
  m_IsActive: 1
--- !u!4 &1767371901877322909
Transform:
  m_ObjectHideFlags: 0
  m_CorrespondingSourceObject: {fileID: 0}
  m_PrefabInstance: {fileID: 0}
  m_PrefabAsset: {fileID: 0}
  m_GameObject: {fileID: 5617344189311670075}
  m_LocalRotation: {x: 0.062013622, y: -0.14266871, z: -0.20572533, w: 0.9661662}
  m_LocalPosition: {x: -0.030167103, y: -0.015619701, z: 0.021190222}
  m_LocalScale: {x: 1, y: 1, z: 1}
  m_Children:
  - {fileID: 7099673210607546723}
  m_Father: {fileID: 5646651454380135536}
  m_RootOrder: 0
  m_LocalEulerAnglesHint: {x: 3.5046651, y: -17.563538, z: -24.582462}
--- !u!1 &5618454181223670519
GameObject:
  m_ObjectHideFlags: 0
  m_CorrespondingSourceObject: {fileID: 0}
  m_PrefabInstance: {fileID: 0}
  m_PrefabAsset: {fileID: 0}
  serializedVersion: 6
  m_Component:
  - component: {fileID: 4443265199717197910}
  m_Layer: 0
  m_Name: Spine
  m_TagString: Untagged
  m_Icon: {fileID: 0}
  m_NavMeshLayer: 0
  m_StaticEditorFlags: 0
  m_IsActive: 1
--- !u!4 &4443265199717197910
Transform:
  m_ObjectHideFlags: 0
  m_CorrespondingSourceObject: {fileID: 0}
  m_PrefabInstance: {fileID: 0}
  m_PrefabAsset: {fileID: 0}
  m_GameObject: {fileID: 5618454181223670519}
  m_LocalRotation: {x: 0.11217622, y: -0.095278166, z: -0.01720823, w: 0.98896027}
  m_LocalPosition: {x: -0, y: 0.07722018, z: 0.011662032}
  m_LocalScale: {x: 1, y: 1, z: 1}
  m_Children:
  - {fileID: 7099240876293662478}
  m_Father: {fileID: 871098514028692296}
  m_RootOrder: 2
  m_LocalEulerAnglesHint: {x: 12.611792, y: -11.185803, z: -3.4220467}
--- !u!1 &5646495822445153854
GameObject:
  m_ObjectHideFlags: 0
  m_CorrespondingSourceObject: {fileID: 0}
  m_PrefabInstance: {fileID: 0}
  m_PrefabAsset: {fileID: 0}
  serializedVersion: 6
  m_Component:
  - component: {fileID: 2853323737354159253}
  m_Layer: 0
  m_Name: Head
  m_TagString: Untagged
  m_Icon: {fileID: 0}
  m_NavMeshLayer: 0
  m_StaticEditorFlags: 0
  m_IsActive: 1
--- !u!4 &2853323737354159253
Transform:
  m_ObjectHideFlags: 0
  m_CorrespondingSourceObject: {fileID: 0}
  m_PrefabInstance: {fileID: 0}
  m_PrefabAsset: {fileID: 0}
  m_GameObject: {fileID: 5646495822445153854}
  m_LocalRotation: {x: 0.2683716, y: 0.020529415, z: -0.013526724, w: 0.9630017}
  m_LocalPosition: {x: 1.2556162e-10, y: 0.090510786, z: 0.010340214}
  m_LocalScale: {x: 1, y: 1, z: 1}
  m_Children:
  - {fileID: 169634613688233815}
  - {fileID: 2253388367753495349}
  - {fileID: 4206021758593693022}
  m_Father: {fileID: 5102916706227283421}
  m_RootOrder: 0
  m_LocalEulerAnglesHint: {x: 32.289627, y: -3.0274093, z: -7.057525}
--- !u!1 &5759116500568979204
GameObject:
  m_ObjectHideFlags: 0
  m_CorrespondingSourceObject: {fileID: 0}
  m_PrefabInstance: {fileID: 0}
  m_PrefabAsset: {fileID: 0}
  serializedVersion: 6
  m_Component:
  - component: {fileID: 7244671117914135471}
  m_Layer: 0
  m_Name: RightHandIndex3
  m_TagString: Untagged
  m_Icon: {fileID: 0}
  m_NavMeshLayer: 0
  m_StaticEditorFlags: 0
  m_IsActive: 1
--- !u!4 &7244671117914135471
Transform:
  m_ObjectHideFlags: 0
  m_CorrespondingSourceObject: {fileID: 0}
  m_PrefabInstance: {fileID: 0}
  m_PrefabAsset: {fileID: 0}
  m_GameObject: {fileID: 5759116500568979204}
  m_LocalRotation: {x: 0, y: -0, z: -0, w: 1}
  m_LocalPosition: {x: 0.031111576, y: -0.011356314, z: -0.0028079413}
  m_LocalScale: {x: 1, y: 1, z: 1}
  m_Children: []
  m_Father: {fileID: 1287998324019390866}
  m_RootOrder: 0
  m_LocalEulerAnglesHint: {x: 0, y: 0, z: 0}
--- !u!1 &5786062489951343082
GameObject:
  m_ObjectHideFlags: 0
  m_CorrespondingSourceObject: {fileID: 0}
  m_PrefabInstance: {fileID: 0}
  m_PrefabAsset: {fileID: 0}
  serializedVersion: 6
  m_Component:
  - component: {fileID: 411319429375163805}
  m_Layer: 0
  m_Name: RightHandMiddle3
  m_TagString: Untagged
  m_Icon: {fileID: 0}
  m_NavMeshLayer: 0
  m_StaticEditorFlags: 0
  m_IsActive: 1
--- !u!4 &411319429375163805
Transform:
  m_ObjectHideFlags: 0
  m_CorrespondingSourceObject: {fileID: 0}
  m_PrefabInstance: {fileID: 0}
  m_PrefabAsset: {fileID: 0}
  m_GameObject: {fileID: 5786062489951343082}
  m_LocalRotation: {x: 0, y: -0, z: -0, w: 1}
  m_LocalPosition: {x: 0.030945491, y: -0.011502246, z: -0.0026758795}
  m_LocalScale: {x: 1, y: 1, z: 1}
  m_Children: []
  m_Father: {fileID: 8175903685351994328}
  m_RootOrder: 0
  m_LocalEulerAnglesHint: {x: 0, y: 0, z: 0}
--- !u!1 &6146702281470700236
GameObject:
  m_ObjectHideFlags: 0
  m_CorrespondingSourceObject: {fileID: 0}
  m_PrefabInstance: {fileID: 0}
  m_PrefabAsset: {fileID: 0}
  serializedVersion: 6
  m_Component:
  - component: {fileID: 6526717841830570494}
  m_Layer: 0
  m_Name: LeftFoot
  m_TagString: Untagged
  m_Icon: {fileID: 0}
  m_NavMeshLayer: 0
  m_StaticEditorFlags: 0
  m_IsActive: 1
--- !u!4 &6526717841830570494
Transform:
  m_ObjectHideFlags: 0
  m_CorrespondingSourceObject: {fileID: 0}
  m_PrefabInstance: {fileID: 0}
  m_PrefabAsset: {fileID: 0}
  m_GameObject: {fileID: 6146702281470700236}
  m_LocalRotation: {x: 0.3695687, y: 0.15597756, z: 0.1081164, w: 0.90961576}
  m_LocalPosition: {x: -0.004380337, y: -0.32635668, z: -0.03012641}
  m_LocalScale: {x: 1, y: 1, z: 1}
  m_Children:
  - {fileID: 2106538301636397212}
  - {fileID: 922194736825106278}
  m_Father: {fileID: 8689390733570250606}
  m_RootOrder: 0
  m_LocalEulerAnglesHint: {x: 39.77793, y: 28.383965, z: 24.353199}
--- !u!1 &6917756738065379221
GameObject:
  m_ObjectHideFlags: 0
  m_CorrespondingSourceObject: {fileID: 0}
  m_PrefabInstance: {fileID: 0}
  m_PrefabAsset: {fileID: 0}
  serializedVersion: 6
  m_Component:
  - component: {fileID: 2294607354063270083}
  m_Layer: 0
  m_Name: LHoodieString2
  m_TagString: Untagged
  m_Icon: {fileID: 0}
  m_NavMeshLayer: 0
  m_StaticEditorFlags: 0
  m_IsActive: 1
--- !u!4 &2294607354063270083
Transform:
  m_ObjectHideFlags: 0
  m_CorrespondingSourceObject: {fileID: 0}
  m_PrefabInstance: {fileID: 0}
  m_PrefabAsset: {fileID: 0}
  m_GameObject: {fileID: 6917756738065379221}
  m_LocalRotation: {x: 0, y: -0, z: -0, w: 1}
  m_LocalPosition: {x: -5.3290704e-17, y: -0.09643807, z: 0.026791314}
  m_LocalScale: {x: 1, y: 1, z: 1}
  m_Children: []
  m_Father: {fileID: 1915403663689182699}
  m_RootOrder: 0
  m_LocalEulerAnglesHint: {x: 0, y: 0, z: 0}
--- !u!1 &6959668135034614605
GameObject:
  m_ObjectHideFlags: 0
  m_CorrespondingSourceObject: {fileID: 0}
  m_PrefabInstance: {fileID: 0}
  m_PrefabAsset: {fileID: 0}
  serializedVersion: 6
  m_Component:
  - component: {fileID: 1986820132457976826}
  m_Layer: 0
  m_Name: Spine2
  m_TagString: Untagged
  m_Icon: {fileID: 0}
  m_NavMeshLayer: 0
  m_StaticEditorFlags: 0
  m_IsActive: 1
--- !u!4 &1986820132457976826
Transform:
  m_ObjectHideFlags: 0
  m_CorrespondingSourceObject: {fileID: 0}
  m_PrefabInstance: {fileID: 0}
  m_PrefabAsset: {fileID: 0}
  m_GameObject: {fileID: 6959668135034614605}
  m_LocalRotation: {x: 0.1627766, y: -0.018276729, z: 0.00882471, w: 0.9864542}
  m_LocalPosition: {x: 1.15585996e-11, y: 0.115030326, z: -0.0049123964}
  m_LocalScale: {x: 1, y: 1, z: 1}
  m_Children:
  - {fileID: 7832090377164049461}
  - {fileID: 497953228432001943}
  - {fileID: 5925955143979012890}
  - {fileID: 4432354695598061614}
  - {fileID: 5102916706227283421}
  - {fileID: 6728090281613902060}
  - {fileID: 2730707500638590499}
  m_Father: {fileID: 7099240876293662478}
  m_RootOrder: 2
  m_LocalEulerAnglesHint: {x: 18.868992, y: -2.1097703, z: 0.45108485}
--- !u!1 &7291473572179115309
GameObject:
  m_ObjectHideFlags: 0
  m_CorrespondingSourceObject: {fileID: 0}
  m_PrefabInstance: {fileID: 0}
  m_PrefabAsset: {fileID: 0}
  serializedVersion: 6
  m_Component:
  - component: {fileID: 568054393870767181}
  m_Layer: 0
  m_Name: RightHandMiddle1
  m_TagString: Untagged
  m_Icon: {fileID: 0}
  m_NavMeshLayer: 0
  m_StaticEditorFlags: 0
  m_IsActive: 1
--- !u!4 &568054393870767181
Transform:
  m_ObjectHideFlags: 0
  m_CorrespondingSourceObject: {fileID: 0}
  m_PrefabInstance: {fileID: 0}
  m_PrefabAsset: {fileID: 0}
  m_GameObject: {fileID: 7291473572179115309}
  m_LocalRotation: {x: 0.011223464, y: 0.036765054, z: 0.25601366, w: 0.9659086}
  m_LocalPosition: {x: 0.11327374, y: 0.004266895, z: -0.0009818017}
  m_LocalScale: {x: 1, y: 1, z: 1}
  m_Children:
  - {fileID: 8175903685351994328}
  m_Father: {fileID: 3650675208028066606}
  m_RootOrder: 1
  m_LocalEulerAnglesHint: {x: 0.16369341, y: 4.4029517, z: 29.69605}
--- !u!1 &7443502081331852905
GameObject:
  m_ObjectHideFlags: 0
  m_CorrespondingSourceObject: {fileID: 0}
  m_PrefabInstance: {fileID: 0}
  m_PrefabAsset: {fileID: 0}
  serializedVersion: 6
  m_Component:
  - component: {fileID: 4432354695598061614}
  m_Layer: 0
  m_Name: LHoodieString
  m_TagString: Untagged
  m_Icon: {fileID: 0}
  m_NavMeshLayer: 0
  m_StaticEditorFlags: 0
  m_IsActive: 1
--- !u!4 &4432354695598061614
Transform:
  m_ObjectHideFlags: 0
  m_CorrespondingSourceObject: {fileID: 0}
  m_PrefabInstance: {fileID: 0}
  m_PrefabAsset: {fileID: 0}
  m_GameObject: {fileID: 7443502081331852905}
  m_LocalRotation: {x: 0, y: -0, z: -0, w: 1}
  m_LocalPosition: {x: -0.052504554, y: 0.16397738, z: 0.030899186}
  m_LocalScale: {x: 1, y: 1, z: 1}
  m_Children:
  - {fileID: 1915403663689182699}
  m_Father: {fileID: 1986820132457976826}
  m_RootOrder: 3
  m_LocalEulerAnglesHint: {x: 0, y: 0, z: 0}
--- !u!1 &7498134793792857231
GameObject:
  m_ObjectHideFlags: 0
  m_CorrespondingSourceObject: {fileID: 0}
  m_PrefabInstance: {fileID: 0}
  m_PrefabAsset: {fileID: 0}
  serializedVersion: 6
  m_Component:
  - component: {fileID: 8287924867275263556}
  m_Layer: 0
  m_Name: LeftHandMiddle2
  m_TagString: Untagged
  m_Icon: {fileID: 0}
  m_NavMeshLayer: 0
  m_StaticEditorFlags: 0
  m_IsActive: 1
--- !u!4 &8287924867275263556
Transform:
  m_ObjectHideFlags: 0
  m_CorrespondingSourceObject: {fileID: 0}
  m_PrefabInstance: {fileID: 0}
  m_PrefabAsset: {fileID: 0}
  m_GameObject: {fileID: 7498134793792857231}
  m_LocalRotation: {x: -0.02232256, y: 0.021102108, z: 0.21866877, w: 0.9753155}
  m_LocalPosition: {x: -0.03290935, y: -0.008754621, z: -0.0018692748}
  m_LocalScale: {x: 1, y: 1, z: 1}
  m_Children:
  - {fileID: 3619453967858665531}
  m_Father: {fileID: 546198755613832164}
  m_RootOrder: 0
  m_LocalEulerAnglesHint: {x: -3.025008, y: 1.801892, z: 25.226254}
--- !u!1 &7595279809019126077
GameObject:
  m_ObjectHideFlags: 0
  m_CorrespondingSourceObject: {fileID: 0}
  m_PrefabInstance: {fileID: 0}
  m_PrefabAsset: {fileID: 0}
  serializedVersion: 6
  m_Component:
  - component: {fileID: 2813616283448345169}
  m_Layer: 0
  m_Name: RightLeg
  m_TagString: Untagged
  m_Icon: {fileID: 0}
  m_NavMeshLayer: 0
  m_StaticEditorFlags: 0
  m_IsActive: 1
--- !u!4 &2813616283448345169
Transform:
  m_ObjectHideFlags: 0
  m_CorrespondingSourceObject: {fileID: 0}
  m_PrefabInstance: {fileID: 0}
  m_PrefabAsset: {fileID: 0}
  m_GameObject: {fileID: 7595279809019126077}
  m_LocalRotation: {x: 0.07422352, y: -0.025698395, z: -0.08921857, w: 0.99291015}
  m_LocalPosition: {x: 0.004841, y: -0.32551482, z: 0.0011290349}
  m_LocalScale: {x: 1, y: 1, z: 1}
  m_Children:
  - {fileID: 1890960860420130822}
  - {fileID: 4918981869585137429}
  m_Father: {fileID: 6081248538921318329}
  m_RootOrder: 0
  m_LocalEulerAnglesHint: {x: 8.210423, y: -3.7235386, z: -10.536458}
--- !u!1 &7790459957011708490
GameObject:
  m_ObjectHideFlags: 0
  m_CorrespondingSourceObject: {fileID: 0}
  m_PrefabInstance: {fileID: 0}
  m_PrefabAsset: {fileID: 0}
  serializedVersion: 6
  m_Component:
  - component: {fileID: 1915403663689182699}
  m_Layer: 0
  m_Name: LHoodieString1
  m_TagString: Untagged
  m_Icon: {fileID: 0}
  m_NavMeshLayer: 0
  m_StaticEditorFlags: 0
  m_IsActive: 1
--- !u!4 &1915403663689182699
Transform:
  m_ObjectHideFlags: 0
  m_CorrespondingSourceObject: {fileID: 0}
  m_PrefabInstance: {fileID: 0}
  m_PrefabAsset: {fileID: 0}
  m_GameObject: {fileID: 7790459957011708490}
  m_LocalRotation: {x: 0, y: -0, z: -0, w: 1}
  m_LocalPosition: {x: -0.0025771135, y: -0.06364301, z: 0.03694586}
  m_LocalScale: {x: 1, y: 1, z: 1}
  m_Children:
  - {fileID: 2294607354063270083}
  m_Father: {fileID: 4432354695598061614}
  m_RootOrder: 0
  m_LocalEulerAnglesHint: {x: 0, y: 0, z: 0}
--- !u!1 &7857144086103507212
GameObject:
  m_ObjectHideFlags: 0
  m_CorrespondingSourceObject: {fileID: 0}
  m_PrefabInstance: {fileID: 0}
  m_PrefabAsset: {fileID: 0}
  serializedVersion: 6
  m_Component:
  - component: {fileID: 169634613688233815}
  m_Layer: 0
  m_Name: HairA
  m_TagString: Untagged
  m_Icon: {fileID: 0}
  m_NavMeshLayer: 0
  m_StaticEditorFlags: 0
  m_IsActive: 1
--- !u!4 &169634613688233815
Transform:
  m_ObjectHideFlags: 0
  m_CorrespondingSourceObject: {fileID: 0}
  m_PrefabInstance: {fileID: 0}
  m_PrefabAsset: {fileID: 0}
  m_GameObject: {fileID: 7857144086103507212}
  m_LocalRotation: {x: 0, y: -0, z: -0, w: 1}
  m_LocalPosition: {x: 0.07081073, y: 0.24428293, z: 0.23196633}
  m_LocalScale: {x: 1, y: 1, z: 1}
  m_Children: []
  m_Father: {fileID: 2853323737354159253}
  m_RootOrder: 0
  m_LocalEulerAnglesHint: {x: 0, y: 0, z: 0}
--- !u!1 &7907343643228792841
GameObject:
  m_ObjectHideFlags: 0
  m_CorrespondingSourceObject: {fileID: 0}
  m_PrefabInstance: {fileID: 0}
  m_PrefabAsset: {fileID: 0}
  serializedVersion: 6
  m_Component:
  - component: {fileID: 1914471300521446215}
  m_Layer: 0
  m_Name: RBackpack_Strap
  m_TagString: Untagged
  m_Icon: {fileID: 0}
  m_NavMeshLayer: 0
  m_StaticEditorFlags: 0
  m_IsActive: 1
--- !u!4 &1914471300521446215
Transform:
  m_ObjectHideFlags: 0
  m_CorrespondingSourceObject: {fileID: 0}
  m_PrefabInstance: {fileID: 0}
  m_PrefabAsset: {fileID: 0}
  m_GameObject: {fileID: 7907343643228792841}
  m_LocalRotation: {x: 0, y: -0, z: -0, w: 1}
  m_LocalPosition: {x: 0.15223, y: -0.07719787, z: -0.06610897}
  m_LocalScale: {x: 1, y: 1, z: 1}
  m_Children: []
  m_Father: {fileID: 7099240876293662478}
  m_RootOrder: 1
  m_LocalEulerAnglesHint: {x: 0, y: 0, z: 0}
--- !u!1 &7947626328405262506
GameObject:
  m_ObjectHideFlags: 0
  m_CorrespondingSourceObject: {fileID: 0}
  m_PrefabInstance: {fileID: 0}
  m_PrefabAsset: {fileID: 0}
  serializedVersion: 6
  m_Component:
  - component: {fileID: 8538563498047686675}
  m_Layer: 0
  m_Name: LeftHandIndex2
  m_TagString: Untagged
  m_Icon: {fileID: 0}
  m_NavMeshLayer: 0
  m_StaticEditorFlags: 0
  m_IsActive: 1
--- !u!4 &8538563498047686675
Transform:
  m_ObjectHideFlags: 0
  m_CorrespondingSourceObject: {fileID: 0}
  m_PrefabInstance: {fileID: 0}
  m_PrefabAsset: {fileID: 0}
  m_GameObject: {fileID: 7947626328405262506}
  m_LocalRotation: {x: -0.028477887, y: 0.03240279, z: 0.29582682, w: 0.954267}
  m_LocalPosition: {x: -0.032291904, y: -0.0057491474, z: -0.0014349759}
  m_LocalScale: {x: 1, y: 1, z: 1}
  m_Children:
  - {fileID: 5228000287178234506}
  m_Father: {fileID: 5024225884174094394}
  m_RootOrder: 0
  m_LocalEulerAnglesHint: {x: -4.21632, y: 2.5857701, z: 34.35211}
--- !u!1 &8026983765199271526
GameObject:
  m_ObjectHideFlags: 0
  m_CorrespondingSourceObject: {fileID: 0}
  m_PrefabInstance: {fileID: 0}
  m_PrefabAsset: {fileID: 0}
  serializedVersion: 6
  m_Component:
  - component: {fileID: 1039556750107447110}
  m_Layer: 0
  m_Name: RightToeBase
  m_TagString: Untagged
  m_Icon: {fileID: 0}
  m_NavMeshLayer: 0
  m_StaticEditorFlags: 0
  m_IsActive: 1
--- !u!4 &1039556750107447110
Transform:
  m_ObjectHideFlags: 0
  m_CorrespondingSourceObject: {fileID: 0}
  m_PrefabInstance: {fileID: 0}
  m_PrefabAsset: {fileID: 0}
  m_GameObject: {fileID: 8026983765199271526}
  m_LocalRotation: {x: 0, y: -0, z: -0, w: 1}
  m_LocalPosition: {x: 0.009701685, y: -0.13225351, z: 0.11864223}
  m_LocalScale: {x: 1, y: 1, z: 1}
  m_Children: []
  m_Father: {fileID: 1890960860420130822}
  m_RootOrder: 1
  m_LocalEulerAnglesHint: {x: 0, y: 0, z: 0}
--- !u!1 &8040847597567011543
GameObject:
  m_ObjectHideFlags: 0
  m_CorrespondingSourceObject: {fileID: 0}
  m_PrefabInstance: {fileID: 0}
  m_PrefabAsset: {fileID: 0}
  serializedVersion: 6
  m_Component:
  - component: {fileID: 5102916706227283421}
  m_Layer: 0
  m_Name: Neck
  m_TagString: Untagged
  m_Icon: {fileID: 0}
  m_NavMeshLayer: 0
  m_StaticEditorFlags: 0
  m_IsActive: 1
--- !u!4 &5102916706227283421
Transform:
  m_ObjectHideFlags: 0
  m_CorrespondingSourceObject: {fileID: 0}
  m_PrefabInstance: {fileID: 0}
  m_PrefabAsset: {fileID: 0}
  m_GameObject: {fileID: 8040847597567011543}
  m_LocalRotation: {x: -0.07380624, y: -0.020687215, z: 0.019383654, w: 0.9968696}
  m_LocalPosition: {x: -1.8709584e-11, y: 0.18430685, z: -0.031230537}
  m_LocalScale: {x: 1, y: 1, z: 1}
  m_Children:
  - {fileID: 2853323737354159253}
  m_Father: {fileID: 1986820132457976826}
  m_RootOrder: 4
  m_LocalEulerAnglesHint: {x: -8.429199, y: -2.3948278, z: 1.1954479}
--- !u!1 &8126337811368643287
GameObject:
  m_ObjectHideFlags: 0
  m_CorrespondingSourceObject: {fileID: 0}
  m_PrefabInstance: {fileID: 0}
  m_PrefabAsset: {fileID: 0}
  serializedVersion: 6
  m_Component:
  - component: {fileID: 6728090281613902060}
  m_Layer: 0
  m_Name: RHoodieString
  m_TagString: Untagged
  m_Icon: {fileID: 0}
  m_NavMeshLayer: 0
  m_StaticEditorFlags: 0
  m_IsActive: 1
--- !u!4 &6728090281613902060
Transform:
  m_ObjectHideFlags: 0
  m_CorrespondingSourceObject: {fileID: 0}
  m_PrefabInstance: {fileID: 0}
  m_PrefabAsset: {fileID: 0}
  m_GameObject: {fileID: 8126337811368643287}
  m_LocalRotation: {x: 0, y: -0, z: -0, w: 1}
  m_LocalPosition: {x: 0.052504547, y: 0.16397738, z: 0.030899186}
  m_LocalScale: {x: 1, y: 1, z: 1}
  m_Children:
  - {fileID: 6719816185273836059}
  m_Father: {fileID: 1986820132457976826}
  m_RootOrder: 5
  m_LocalEulerAnglesHint: {x: 0, y: 0, z: 0}
--- !u!1 &8214996816801488524
GameObject:
  m_ObjectHideFlags: 0
  m_CorrespondingSourceObject: {fileID: 0}
  m_PrefabInstance: {fileID: 0}
  m_PrefabAsset: {fileID: 0}
  serializedVersion: 6
  m_Component:
  - component: {fileID: 6879943067422982914}
  m_Layer: 0
  m_Name: RightHandThumb3
  m_TagString: Untagged
  m_Icon: {fileID: 0}
  m_NavMeshLayer: 0
  m_StaticEditorFlags: 0
  m_IsActive: 1
--- !u!4 &6879943067422982914
Transform:
  m_ObjectHideFlags: 0
  m_CorrespondingSourceObject: {fileID: 0}
  m_PrefabInstance: {fileID: 0}
  m_PrefabAsset: {fileID: 0}
  m_GameObject: {fileID: 8214996816801488524}
  m_LocalRotation: {x: 0, y: -0, z: -0, w: 1}
  m_LocalPosition: {x: 0.030295616, y: -0.020997971, z: 0.014158436}
  m_LocalScale: {x: 1, y: 1, z: 1}
  m_Children: []
  m_Father: {fileID: 1538837809752059767}
  m_RootOrder: 0
  m_LocalEulerAnglesHint: {x: 0, y: 0, z: 0}
--- !u!1 &8215042393765650085
GameObject:
  m_ObjectHideFlags: 0
  m_CorrespondingSourceObject: {fileID: 0}
  m_PrefabInstance: {fileID: 0}
  m_PrefabAsset: {fileID: 0}
  serializedVersion: 6
  m_Component:
  - component: {fileID: 2106538301636397212}
  m_Layer: 0
  m_Name: LeftToeBase
  m_TagString: Untagged
  m_Icon: {fileID: 0}
  m_NavMeshLayer: 0
  m_StaticEditorFlags: 0
  m_IsActive: 1
--- !u!4 &2106538301636397212
Transform:
  m_ObjectHideFlags: 0
  m_CorrespondingSourceObject: {fileID: 0}
  m_PrefabInstance: {fileID: 0}
  m_PrefabAsset: {fileID: 0}
  m_GameObject: {fileID: 8215042393765650085}
  m_LocalRotation: {x: 0, y: -0, z: -0, w: 1}
  m_LocalPosition: {x: -0.009701685, y: -0.13225351, z: 0.11864223}
  m_LocalScale: {x: 1, y: 1, z: 1}
  m_Children: []
  m_Father: {fileID: 6526717841830570494}
  m_RootOrder: 0
  m_LocalEulerAnglesHint: {x: 0, y: 0, z: 0}
--- !u!1 &8253312197303995306
GameObject:
  m_ObjectHideFlags: 0
  m_CorrespondingSourceObject: {fileID: 0}
  m_PrefabInstance: {fileID: 0}
  m_PrefabAsset: {fileID: 0}
  serializedVersion: 6
  m_Component:
  - component: {fileID: 5228000287178234506}
  m_Layer: 0
  m_Name: LeftHandIndex3
  m_TagString: Untagged
  m_Icon: {fileID: 0}
  m_NavMeshLayer: 0
  m_StaticEditorFlags: 0
  m_IsActive: 1
--- !u!4 &5228000287178234506
Transform:
  m_ObjectHideFlags: 0
  m_CorrespondingSourceObject: {fileID: 0}
  m_PrefabInstance: {fileID: 0}
  m_PrefabAsset: {fileID: 0}
  m_GameObject: {fileID: 8253312197303995306}
  m_LocalRotation: {x: 0, y: -0, z: -0, w: 1}
  m_LocalPosition: {x: -0.031111576, y: -0.011356314, z: -0.0028079413}
  m_LocalScale: {x: 1, y: 1, z: 1}
  m_Children: []
  m_Father: {fileID: 8538563498047686675}
  m_RootOrder: 0
  m_LocalEulerAnglesHint: {x: 0, y: 0, z: 0}
--- !u!1 &8379136217801175724
GameObject:
  m_ObjectHideFlags: 0
  m_CorrespondingSourceObject: {fileID: 0}
  m_PrefabInstance: {fileID: 0}
  m_PrefabAsset: {fileID: 0}
  serializedVersion: 6
  m_Component:
  - component: {fileID: 7099240876293662478}
  m_Layer: 0
  m_Name: Spine1
  m_TagString: Untagged
  m_Icon: {fileID: 0}
  m_NavMeshLayer: 0
  m_StaticEditorFlags: 0
  m_IsActive: 1
--- !u!4 &7099240876293662478
Transform:
  m_ObjectHideFlags: 0
  m_CorrespondingSourceObject: {fileID: 0}
  m_PrefabInstance: {fileID: 0}
  m_PrefabAsset: {fileID: 0}
  m_GameObject: {fileID: 8379136217801175724}
  m_LocalRotation: {x: 0.1620218, y: -0.017145792, z: 0.015442012, w: 0.98651737}
  m_LocalPosition: {x: -1.5855036e-11, y: 0.12024084, z: 0.0024876625}
  m_LocalScale: {x: 1, y: 1, z: 1}
  m_Children:
  - {fileID: 4231834180887350220}
  - {fileID: 1914471300521446215}
  - {fileID: 1986820132457976826}
  m_Father: {fileID: 4443265199717197910}
  m_RootOrder: 0
  m_LocalEulerAnglesHint: {x: 18.799555, y: -1.8232827, z: 1.2356392}
--- !u!1 &8515226021526965452
GameObject:
  m_ObjectHideFlags: 0
  m_CorrespondingSourceObject: {fileID: 0}
  m_PrefabInstance: {fileID: 0}
  m_PrefabAsset: {fileID: 0}
  serializedVersion: 6
  m_Component:
  - component: {fileID: 4018089782770838385}
  m_Layer: 0
  m_Name: Hood1
  m_TagString: Untagged
  m_Icon: {fileID: 0}
  m_NavMeshLayer: 0
  m_StaticEditorFlags: 0
  m_IsActive: 1
--- !u!4 &4018089782770838385
Transform:
  m_ObjectHideFlags: 0
  m_CorrespondingSourceObject: {fileID: 0}
  m_PrefabInstance: {fileID: 0}
  m_PrefabAsset: {fileID: 0}
  m_GameObject: {fileID: 8515226021526965452}
  m_LocalRotation: {x: 0, y: -0, z: -0, w: 1}
  m_LocalPosition: {x: 1.18622034e-17, y: -0.05011016, z: -0.07685929}
  m_LocalScale: {x: 1, y: 1, z: 1}
  m_Children: []
  m_Father: {fileID: 497953228432001943}
  m_RootOrder: 0
  m_LocalEulerAnglesHint: {x: 0, y: 0, z: 0}
--- !u!1 &8694378734624964720
GameObject:
  m_ObjectHideFlags: 0
  m_CorrespondingSourceObject: {fileID: 0}
  m_PrefabInstance: {fileID: 0}
  m_PrefabAsset: {fileID: 0}
  serializedVersion: 6
  m_Component:
  - component: {fileID: 3342495409103663168}
  m_Layer: 0
  m_Name: LSleeve
  m_TagString: Untagged
  m_Icon: {fileID: 0}
  m_NavMeshLayer: 0
  m_StaticEditorFlags: 0
  m_IsActive: 1
--- !u!4 &3342495409103663168
Transform:
  m_ObjectHideFlags: 0
  m_CorrespondingSourceObject: {fileID: 0}
  m_PrefabInstance: {fileID: 0}
  m_PrefabAsset: {fileID: 0}
  m_GameObject: {fileID: 8694378734624964720}
  m_LocalRotation: {x: 0, y: -0, z: -0, w: 1}
  m_LocalPosition: {x: -0.06633201, y: -0.003448839, z: -0.012636502}
  m_LocalScale: {x: 1, y: 1, z: 1}
  m_Children: []
  m_Father: {fileID: 2677881444158074102}
  m_RootOrder: 1
  m_LocalEulerAnglesHint: {x: 0, y: 0, z: 0}
--- !u!1 &8736819638241600279
GameObject:
  m_ObjectHideFlags: 0
  m_CorrespondingSourceObject: {fileID: 0}
  m_PrefabInstance: {fileID: 0}
  m_PrefabAsset: {fileID: 0}
  serializedVersion: 6
  m_Component:
  - component: {fileID: 2515466713293496682}
  m_Layer: 0
  m_Name: RHoodieString2
  m_TagString: Untagged
  m_Icon: {fileID: 0}
  m_NavMeshLayer: 0
  m_StaticEditorFlags: 0
  m_IsActive: 1
--- !u!4 &2515466713293496682
Transform:
  m_ObjectHideFlags: 0
  m_CorrespondingSourceObject: {fileID: 0}
  m_PrefabInstance: {fileID: 0}
  m_PrefabAsset: {fileID: 0}
  m_GameObject: {fileID: 8736819638241600279}
  m_LocalRotation: {x: 0, y: -0, z: -0, w: 1}
  m_LocalPosition: {x: 5.3290704e-17, y: -0.09643807, z: 0.026791314}
  m_LocalScale: {x: 1, y: 1, z: 1}
  m_Children: []
  m_Father: {fileID: 6719816185273836059}
  m_RootOrder: 0
  m_LocalEulerAnglesHint: {x: 0, y: 0, z: 0}
--- !u!1 &8778952823869845599
GameObject:
  m_ObjectHideFlags: 0
  m_CorrespondingSourceObject: {fileID: 0}
  m_PrefabInstance: {fileID: 0}
  m_PrefabAsset: {fileID: 0}
  serializedVersion: 6
  m_Component:
  - component: {fileID: 5024225884174094394}
  m_Layer: 0
  m_Name: LeftHandIndex1
  m_TagString: Untagged
  m_Icon: {fileID: 0}
  m_NavMeshLayer: 0
  m_StaticEditorFlags: 0
  m_IsActive: 1
--- !u!4 &5024225884174094394
Transform:
  m_ObjectHideFlags: 0
  m_CorrespondingSourceObject: {fileID: 0}
  m_PrefabInstance: {fileID: 0}
  m_PrefabAsset: {fileID: 0}
  m_GameObject: {fileID: 8778952823869845599}
  m_LocalRotation: {x: 0.015728757, y: 0.032605805, z: -0.2686049, w: 0.96256995}
  m_LocalPosition: {x: -0.11372509, y: 0.00065008766, z: 0.036991537}
  m_LocalScale: {x: 1, y: 1, z: 1}
  m_Children:
  - {fileID: 8538563498047686675}
  m_Father: {fileID: 1095039710612318960}
  m_RootOrder: 0
  m_LocalEulerAnglesHint: {x: 2.67595, y: 3.019401, z: -30.860998}
--- !u!1 &9172530586430040414
GameObject:
  m_ObjectHideFlags: 0
  m_CorrespondingSourceObject: {fileID: 0}
  m_PrefabInstance: {fileID: 0}
  m_PrefabAsset: {fileID: 0}
  serializedVersion: 6
  m_Component:
  - component: {fileID: 7548738021824285050}
  m_Layer: 0
  m_Name: RightHandRing3
  m_TagString: Untagged
  m_Icon: {fileID: 0}
  m_NavMeshLayer: 0
  m_StaticEditorFlags: 0
  m_IsActive: 1
--- !u!4 &7548738021824285050
Transform:
  m_ObjectHideFlags: 0
  m_CorrespondingSourceObject: {fileID: 0}
  m_PrefabInstance: {fileID: 0}
  m_PrefabAsset: {fileID: 0}
  m_GameObject: {fileID: 9172530586430040414}
  m_LocalRotation: {x: 0, y: -0, z: -0, w: 1}
  m_LocalPosition: {x: 0.030227456, y: -0.012810168, z: -0.0029096045}
  m_LocalScale: {x: 1, y: 1, z: 1}
  m_Children: []
  m_Father: {fileID: 2142476423709724848}
  m_RootOrder: 0
  m_LocalEulerAnglesHint: {x: 0, y: 0, z: 0}
--- !u!1 &9196969653728009768
GameObject:
  m_ObjectHideFlags: 0
  m_CorrespondingSourceObject: {fileID: 0}
  m_PrefabInstance: {fileID: 0}
  m_PrefabAsset: {fileID: 0}
  serializedVersion: 6
  m_Component:
  - component: {fileID: 871098514028692296}
  m_Layer: 0
  m_Name: Hips
  m_TagString: Untagged
  m_Icon: {fileID: 0}
  m_NavMeshLayer: 0
  m_StaticEditorFlags: 0
  m_IsActive: 1
--- !u!4 &871098514028692296
Transform:
  m_ObjectHideFlags: 0
  m_CorrespondingSourceObject: {fileID: 0}
  m_PrefabInstance: {fileID: 0}
  m_PrefabAsset: {fileID: 0}
  m_GameObject: {fileID: 9196969653728009768}
  m_LocalRotation: {x: -0.69365966, y: 0.110565275, z: -0.08586145, w: 0.7065688}
  m_LocalPosition: {x: 0.001540051, y: 0.09799938, z: -0.025068203}
  m_LocalScale: {x: 1, y: 1, z: 1}
  m_Children:
  - {fileID: 6730537074785957854}
  - {fileID: 5379116063196127647}
  - {fileID: 4443265199717197910}
  m_Father: {fileID: 8454073649177943080}
  m_RootOrder: 4
  m_LocalEulerAnglesHint: {x: -73.99756, y: 87.25068, z: -85.22919}
